%YAML 1.1
%TAG !u! tag:unity3d.com,2011:
--- !u!29 &1
SceneSettings:
  m_ObjectHideFlags: 0
  m_PVSData: 
  m_PVSObjectsArray: []
  m_PVSPortalsArray: []
  m_OcclusionBakeSettings:
    smallestOccluder: 5
    smallestHole: .25
    backfaceThreshold: 100
--- !u!104 &2
RenderSettings:
  m_ObjectHideFlags: 0
  serializedVersion: 6
  m_Fog: 0
  m_FogColor: {r: .5, g: .5, b: .5, a: 1}
  m_FogMode: 3
  m_FogDensity: .00999999978
  m_LinearFogStart: 0
  m_LinearFogEnd: 300
  m_AmbientSkyColor: {r: .200000003, g: .200000003, b: .200000003, a: 1}
  m_AmbientEquatorColor: {r: .200000003, g: .200000003, b: .200000003, a: 1}
  m_AmbientGroundColor: {r: .200000003, g: .200000003, b: .200000003, a: 1}
  m_AmbientIntensity: 1
  m_AmbientMode: 3
  m_SkyboxMaterial: {fileID: 0}
  m_HaloStrength: .5
  m_FlareStrength: 1
  m_FlareFadeSpeed: 3
  m_HaloTexture: {fileID: 0}
  m_SpotCookie: {fileID: 10001, guid: 0000000000000000e000000000000000, type: 0}
  m_DefaultReflectionMode: 0
  m_DefaultReflectionResolution: 128
  m_ReflectionBounces: 1
  m_ReflectionIntensity: 1
  m_CustomReflection: {fileID: 0}
  m_Sun: {fileID: 0}
--- !u!127 &3
LevelGameManager:
  m_ObjectHideFlags: 0
--- !u!157 &4
LightmapSettings:
  m_ObjectHideFlags: 0
  serializedVersion: 5
  m_GIWorkflowMode: 1
  m_LightmapsMode: 1
  m_GISettings:
    serializedVersion: 2
    m_BounceScale: 1
    m_IndirectOutputScale: 1
    m_AlbedoBoost: 1
    m_TemporalCoherenceThreshold: 1
    m_EnvironmentLightingMode: 0
    m_EnableBakedLightmaps: 1
    m_EnableRealtimeLightmaps: 0
  m_LightmapEditorSettings:
    serializedVersion: 3
    m_Resolution: 1
    m_BakeResolution: 50
    m_TextureWidth: 1024
    m_TextureHeight: 1024
    m_AOMaxDistance: 1
    m_Padding: 2
    m_CompAOExponent: 0
    m_LightmapParameters: {fileID: 0}
    m_TextureCompression: 0
    m_FinalGather: 0
    m_FinalGatherRayCount: 1024
  m_LightmapSnapshot: {fileID: 0}
  m_RuntimeCPUUsage: 25
--- !u!196 &5
NavMeshSettings:
  serializedVersion: 2
  m_ObjectHideFlags: 0
  m_BuildSettings:
    serializedVersion: 2
    agentRadius: .5
    agentHeight: 2
    agentSlope: 45
    agentClimb: .400000006
    ledgeDropHeight: 0
    maxJumpAcrossDistance: 0
    accuratePlacement: 0
    minRegionArea: 2
    cellSize: .166666657
    manualCellSize: 0
  m_NavMeshData: {fileID: 0}
--- !u!1001 &63776650
Prefab:
  m_ObjectHideFlags: 0
  serializedVersion: 2
  m_Modification:
    m_TransformParent: {fileID: 0}
    m_Modifications:
    - target: {fileID: 453650, guid: 7b6dd59991dce534b9f494ce875b4063, type: 2}
      propertyPath: m_LocalPosition.x
      value: 0
      objectReference: {fileID: 0}
    - target: {fileID: 453650, guid: 7b6dd59991dce534b9f494ce875b4063, type: 2}
      propertyPath: m_LocalPosition.y
      value: 0
      objectReference: {fileID: 0}
    - target: {fileID: 453650, guid: 7b6dd59991dce534b9f494ce875b4063, type: 2}
      propertyPath: m_LocalPosition.z
      value: -2
      objectReference: {fileID: 0}
    - target: {fileID: 453650, guid: 7b6dd59991dce534b9f494ce875b4063, type: 2}
      propertyPath: m_LocalRotation.x
      value: 0
      objectReference: {fileID: 0}
    - target: {fileID: 453650, guid: 7b6dd59991dce534b9f494ce875b4063, type: 2}
      propertyPath: m_LocalRotation.y
      value: 0
      objectReference: {fileID: 0}
    - target: {fileID: 453650, guid: 7b6dd59991dce534b9f494ce875b4063, type: 2}
      propertyPath: m_LocalRotation.z
      value: 0
      objectReference: {fileID: 0}
    - target: {fileID: 453650, guid: 7b6dd59991dce534b9f494ce875b4063, type: 2}
      propertyPath: m_LocalRotation.w
      value: 1
      objectReference: {fileID: 0}
    - target: {fileID: 453650, guid: 7b6dd59991dce534b9f494ce875b4063, type: 2}
      propertyPath: m_RootOrder
      value: 13
      objectReference: {fileID: 0}
    m_RemovedComponents: []
  m_ParentPrefab: {fileID: 100100000, guid: 7b6dd59991dce534b9f494ce875b4063, type: 2}
  m_IsPrefabParent: 0
--- !u!114 &63776651 stripped
MonoBehaviour:
  m_PrefabParentObject: {fileID: 11464954, guid: 7b6dd59991dce534b9f494ce875b4063,
    type: 2}
  m_PrefabInternal: {fileID: 63776650}
  m_Script: {fileID: 11500000, guid: 4e8aa84a89e69ef408557eea3fb0733d, type: 3}
--- !u!1 &184876412 stripped
GameObject:
  m_PrefabParentObject: {fileID: 100000, guid: 676b68c0efda42a48b513a52a9d5342a, type: 2}
  m_PrefabInternal: {fileID: 315148814}
--- !u!1 &196804028 stripped
GameObject:
  m_PrefabParentObject: {fileID: 113810, guid: 1ed1379a051a63f4091e0e0c9db32b2b, type: 2}
  m_PrefabInternal: {fileID: 1449701008}
--- !u!1001 &212216800
Prefab:
  m_ObjectHideFlags: 0
  serializedVersion: 2
  m_Modification:
    m_TransformParent: {fileID: 0}
    m_Modifications:
    - target: {fileID: 418492, guid: d0121c53508de6843b62a45af67b8946, type: 2}
      propertyPath: m_LocalPosition.x
      value: 3.74000001
      objectReference: {fileID: 0}
    - target: {fileID: 418492, guid: d0121c53508de6843b62a45af67b8946, type: 2}
      propertyPath: m_LocalPosition.y
      value: -2.56100011
      objectReference: {fileID: 0}
    - target: {fileID: 418492, guid: d0121c53508de6843b62a45af67b8946, type: 2}
      propertyPath: m_LocalPosition.z
      value: 0
      objectReference: {fileID: 0}
    - target: {fileID: 418492, guid: d0121c53508de6843b62a45af67b8946, type: 2}
      propertyPath: m_LocalRotation.x
      value: 0
      objectReference: {fileID: 0}
    - target: {fileID: 418492, guid: d0121c53508de6843b62a45af67b8946, type: 2}
      propertyPath: m_LocalRotation.y
      value: 0
      objectReference: {fileID: 0}
    - target: {fileID: 418492, guid: d0121c53508de6843b62a45af67b8946, type: 2}
      propertyPath: m_LocalRotation.z
      value: 0
      objectReference: {fileID: 0}
    - target: {fileID: 418492, guid: d0121c53508de6843b62a45af67b8946, type: 2}
      propertyPath: m_LocalRotation.w
      value: 1
      objectReference: {fileID: 0}
    - target: {fileID: 418492, guid: d0121c53508de6843b62a45af67b8946, type: 2}
      propertyPath: m_RootOrder
      value: 8
      objectReference: {fileID: 0}
    m_RemovedComponents: []
  m_ParentPrefab: {fileID: 100100000, guid: d0121c53508de6843b62a45af67b8946, type: 2}
  m_IsPrefabParent: 0
--- !u!1001 &303121118
Prefab:
  m_ObjectHideFlags: 0
  serializedVersion: 2
  m_Modification:
    m_TransformParent: {fileID: 0}
    m_Modifications:
    - target: {fileID: 461062, guid: 7566273aba1c6ac4d83358b60404feb9, type: 2}
      propertyPath: m_LocalPosition.x
      value: -6.46999979
      objectReference: {fileID: 0}
    - target: {fileID: 461062, guid: 7566273aba1c6ac4d83358b60404feb9, type: 2}
      propertyPath: m_LocalPosition.y
      value: -1.00999999
      objectReference: {fileID: 0}
    - target: {fileID: 461062, guid: 7566273aba1c6ac4d83358b60404feb9, type: 2}
      propertyPath: m_LocalPosition.z
      value: 0
      objectReference: {fileID: 0}
    - target: {fileID: 461062, guid: 7566273aba1c6ac4d83358b60404feb9, type: 2}
      propertyPath: m_LocalRotation.x
      value: 0
      objectReference: {fileID: 0}
    - target: {fileID: 461062, guid: 7566273aba1c6ac4d83358b60404feb9, type: 2}
      propertyPath: m_LocalRotation.y
      value: 0
      objectReference: {fileID: 0}
    - target: {fileID: 461062, guid: 7566273aba1c6ac4d83358b60404feb9, type: 2}
      propertyPath: m_LocalRotation.z
      value: 0
      objectReference: {fileID: 0}
    - target: {fileID: 461062, guid: 7566273aba1c6ac4d83358b60404feb9, type: 2}
      propertyPath: m_LocalRotation.w
      value: 1
      objectReference: {fileID: 0}
    - target: {fileID: 461062, guid: 7566273aba1c6ac4d83358b60404feb9, type: 2}
      propertyPath: m_RootOrder
      value: 6
      objectReference: {fileID: 0}
    m_RemovedComponents: []
  m_ParentPrefab: {fileID: 100100000, guid: 7566273aba1c6ac4d83358b60404feb9, type: 2}
  m_IsPrefabParent: 0
--- !u!1001 &315148814
Prefab:
  m_ObjectHideFlags: 0
  serializedVersion: 2
  m_Modification:
    m_TransformParent: {fileID: 0}
    m_Modifications:
    - target: {fileID: 400000, guid: 676b68c0efda42a48b513a52a9d5342a, type: 2}
      propertyPath: m_LocalPosition.x
      value: 0
      objectReference: {fileID: 0}
    - target: {fileID: 400000, guid: 676b68c0efda42a48b513a52a9d5342a, type: 2}
      propertyPath: m_LocalPosition.y
      value: 0
      objectReference: {fileID: 0}
    - target: {fileID: 400000, guid: 676b68c0efda42a48b513a52a9d5342a, type: 2}
      propertyPath: m_LocalPosition.z
      value: -2
      objectReference: {fileID: 0}
    - target: {fileID: 400000, guid: 676b68c0efda42a48b513a52a9d5342a, type: 2}
      propertyPath: m_LocalRotation.x
      value: 0
      objectReference: {fileID: 0}
    - target: {fileID: 400000, guid: 676b68c0efda42a48b513a52a9d5342a, type: 2}
      propertyPath: m_LocalRotation.y
      value: 0
      objectReference: {fileID: 0}
    - target: {fileID: 400000, guid: 676b68c0efda42a48b513a52a9d5342a, type: 2}
      propertyPath: m_LocalRotation.z
      value: 0
      objectReference: {fileID: 0}
    - target: {fileID: 400000, guid: 676b68c0efda42a48b513a52a9d5342a, type: 2}
      propertyPath: m_LocalRotation.w
      value: 1
      objectReference: {fileID: 0}
    - target: {fileID: 11400000, guid: 676b68c0efda42a48b513a52a9d5342a, type: 2}
      propertyPath: ball
      value: 
      objectReference: {fileID: 0}
    - target: {fileID: 11400000, guid: 676b68c0efda42a48b513a52a9d5342a, type: 2}
      propertyPath: object1
      value: 
      objectReference: {fileID: 586438547}
    - target: {fileID: 11400000, guid: 676b68c0efda42a48b513a52a9d5342a, type: 2}
      propertyPath: object2
      value: 
      objectReference: {fileID: 753804744}
    - target: {fileID: 11400000, guid: 676b68c0efda42a48b513a52a9d5342a, type: 2}
      propertyPath: object3
      value: 
      objectReference: {fileID: 439066267}
    - target: {fileID: 11400000, guid: 676b68c0efda42a48b513a52a9d5342a, type: 2}
      propertyPath: object4
      value: 
      objectReference: {fileID: 1909086450}
    - target: {fileID: 11400000, guid: 676b68c0efda42a48b513a52a9d5342a, type: 2}
      propertyPath: spawnPoint
      value: 
      objectReference: {fileID: 0}
    - target: {fileID: 11400000, guid: 676b68c0efda42a48b513a52a9d5342a, type: 2}
      propertyPath: objectWithRotation1
      value: 
      objectReference: {fileID: 586438547}
    - target: {fileID: 11400000, guid: 676b68c0efda42a48b513a52a9d5342a, type: 2}
      propertyPath: objectWithRotation2
      value: 
      objectReference: {fileID: 753804744}
    - target: {fileID: 11400002, guid: 676b68c0efda42a48b513a52a9d5342a, type: 2}
      propertyPath: objectWithOtherScript3
      value: 
      objectReference: {fileID: 439066267}
    - target: {fileID: 11400002, guid: 676b68c0efda42a48b513a52a9d5342a, type: 2}
      propertyPath: objectWithOtherScript4
      value: 
      objectReference: {fileID: 1909086450}
    - target: {fileID: 11400002, guid: 676b68c0efda42a48b513a52a9d5342a, type: 2}
      propertyPath: objectWithRotation1
      value: 
      objectReference: {fileID: 586438547}
    - target: {fileID: 11400002, guid: 676b68c0efda42a48b513a52a9d5342a, type: 2}
      propertyPath: objectWithRotation2
      value: 
      objectReference: {fileID: 753804744}
    - target: {fileID: 11400000, guid: 676b68c0efda42a48b513a52a9d5342a, type: 2}
      propertyPath: gravityScaleObj1
      value: 1
      objectReference: {fileID: 0}
    - target: {fileID: 11400000, guid: 676b68c0efda42a48b513a52a9d5342a, type: 2}
      propertyPath: gravityScaleObj2
      value: 1
      objectReference: {fileID: 0}
    - target: {fileID: 11400000, guid: 676b68c0efda42a48b513a52a9d5342a, type: 2}
      propertyPath: gravityScaleObj3
      value: 3
      objectReference: {fileID: 0}
    - target: {fileID: 11400000, guid: 676b68c0efda42a48b513a52a9d5342a, type: 2}
      propertyPath: mySkin
      value: 
      objectReference: {fileID: 11400000, guid: 33a41857273694e4fa5836503c75ed97,
        type: 2}
    - target: {fileID: 11400000, guid: 676b68c0efda42a48b513a52a9d5342a, type: 2}
      propertyPath: pauseSkin
      value: 
      objectReference: {fileID: 11400000, guid: 62fc29927fec73741b6294208017cc25,
        type: 2}
    - target: {fileID: 11400000, guid: 676b68c0efda42a48b513a52a9d5342a, type: 2}
      propertyPath: pauseMenuSkin
      value: 
      objectReference: {fileID: 11400000, guid: dd43ac9aea7b39b4da1426a2849a196d,
        type: 2}
    - target: {fileID: 2000000, guid: 676b68c0efda42a48b513a52a9d5342a, type: 2}
      propertyPath: orthographic size
      value: 3.5999999
      objectReference: {fileID: 0}
    - target: {fileID: 400000, guid: 676b68c0efda42a48b513a52a9d5342a, type: 2}
      propertyPath: m_RootOrder
      value: 1
      objectReference: {fileID: 0}
    m_RemovedComponents: []
  m_ParentPrefab: {fileID: 100100000, guid: 676b68c0efda42a48b513a52a9d5342a, type: 2}
  m_IsPrefabParent: 0
--- !u!1 &439066267 stripped
GameObject:
  m_PrefabParentObject: {fileID: 149958, guid: e8777dae171279545bd6ec0fec2d5254, type: 2}
  m_PrefabInternal: {fileID: 1855733931}
--- !u!1001 &533556643
Prefab:
  m_ObjectHideFlags: 0
  serializedVersion: 2
  m_Modification:
    m_TransformParent: {fileID: 0}
    m_Modifications:
    - target: {fileID: 424034, guid: 57fc44b125accd84389b899e0af4fe83, type: 2}
      propertyPath: m_LocalPosition.x
      value: 0
      objectReference: {fileID: 0}
    - target: {fileID: 424034, guid: 57fc44b125accd84389b899e0af4fe83, type: 2}
      propertyPath: m_LocalPosition.y
      value: 0
      objectReference: {fileID: 0}
    - target: {fileID: 424034, guid: 57fc44b125accd84389b899e0af4fe83, type: 2}
      propertyPath: m_LocalPosition.z
      value: 0
      objectReference: {fileID: 0}
    - target: {fileID: 424034, guid: 57fc44b125accd84389b899e0af4fe83, type: 2}
      propertyPath: m_LocalRotation.x
      value: 0
      objectReference: {fileID: 0}
    - target: {fileID: 424034, guid: 57fc44b125accd84389b899e0af4fe83, type: 2}
      propertyPath: m_LocalRotation.y
      value: 0
      objectReference: {fileID: 0}
    - target: {fileID: 424034, guid: 57fc44b125accd84389b899e0af4fe83, type: 2}
      propertyPath: m_LocalRotation.z
      value: 0
      objectReference: {fileID: 0}
    - target: {fileID: 424034, guid: 57fc44b125accd84389b899e0af4fe83, type: 2}
      propertyPath: m_LocalRotation.w
      value: 1
      objectReference: {fileID: 0}
    - target: {fileID: 424034, guid: 57fc44b125accd84389b899e0af4fe83, type: 2}
      propertyPath: m_RootOrder
      value: 12
      objectReference: {fileID: 0}
    m_RemovedComponents: []
  m_ParentPrefab: {fileID: 100100000, guid: 57fc44b125accd84389b899e0af4fe83, type: 2}
  m_IsPrefabParent: 0
--- !u!1001 &586438546
Prefab:
  m_ObjectHideFlags: 0
  serializedVersion: 2
  m_Modification:
    m_TransformParent: {fileID: 0}
    m_Modifications:
    - target: {fileID: 472584, guid: b17c576c934aa1447b629da613df79c0, type: 2}
      propertyPath: m_LocalPosition.x
      value: 2.17000008
      objectReference: {fileID: 0}
    - target: {fileID: 472584, guid: b17c576c934aa1447b629da613df79c0, type: 2}
      propertyPath: m_LocalPosition.y
      value: -1.63
      objectReference: {fileID: 0}
    - target: {fileID: 472584, guid: b17c576c934aa1447b629da613df79c0, type: 2}
      propertyPath: m_LocalPosition.z
      value: 0
      objectReference: {fileID: 0}
    - target: {fileID: 472584, guid: b17c576c934aa1447b629da613df79c0, type: 2}
      propertyPath: m_LocalRotation.x
      value: 0
      objectReference: {fileID: 0}
    - target: {fileID: 472584, guid: b17c576c934aa1447b629da613df79c0, type: 2}
      propertyPath: m_LocalRotation.y
      value: 0
      objectReference: {fileID: 0}
    - target: {fileID: 472584, guid: b17c576c934aa1447b629da613df79c0, type: 2}
      propertyPath: m_LocalRotation.z
      value: -.57357651
      objectReference: {fileID: 0}
    - target: {fileID: 472584, guid: b17c576c934aa1447b629da613df79c0, type: 2}
      propertyPath: m_LocalRotation.w
      value: .819151998
      objectReference: {fileID: 0}
    - target: {fileID: 472584, guid: b17c576c934aa1447b629da613df79c0, type: 2}
      propertyPath: m_RootOrder
      value: 2
      objectReference: {fileID: 0}
    m_RemovedComponents: []
  m_ParentPrefab: {fileID: 100100000, guid: b17c576c934aa1447b629da613df79c0, type: 2}
  m_IsPrefabParent: 0
--- !u!1 &586438547 stripped
GameObject:
  m_PrefabParentObject: {fileID: 112120, guid: b17c576c934aa1447b629da613df79c0, type: 2}
  m_PrefabInternal: {fileID: 586438546}
--- !u!1 &656515386 stripped
GameObject:
  m_PrefabParentObject: {fileID: 105020, guid: 1ed1379a051a63f4091e0e0c9db32b2b, type: 2}
  m_PrefabInternal: {fileID: 1449701008}
--- !u!1001 &753804743
Prefab:
  m_ObjectHideFlags: 0
  serializedVersion: 2
  m_Modification:
    m_TransformParent: {fileID: 0}
    m_Modifications:
    - target: {fileID: 472584, guid: b17c576c934aa1447b629da613df79c0, type: 2}
      propertyPath: m_LocalPosition.x
      value: 5.23999977
      objectReference: {fileID: 0}
    - target: {fileID: 472584, guid: b17c576c934aa1447b629da613df79c0, type: 2}
      propertyPath: m_LocalPosition.y
      value: -1.69000006
      objectReference: {fileID: 0}
    - target: {fileID: 472584, guid: b17c576c934aa1447b629da613df79c0, type: 2}
      propertyPath: m_LocalPosition.z
      value: 0
      objectReference: {fileID: 0}
    - target: {fileID: 472584, guid: b17c576c934aa1447b629da613df79c0, type: 2}
      propertyPath: m_LocalRotation.x
      value: 0
      objectReference: {fileID: 0}
    - target: {fileID: 472584, guid: b17c576c934aa1447b629da613df79c0, type: 2}
      propertyPath: m_LocalRotation.y
      value: 0
      objectReference: {fileID: 0}
    - target: {fileID: 472584, guid: b17c576c934aa1447b629da613df79c0, type: 2}
      propertyPath: m_LocalRotation.z
      value: -.57357651
      objectReference: {fileID: 0}
    - target: {fileID: 472584, guid: b17c576c934aa1447b629da613df79c0, type: 2}
      propertyPath: m_LocalRotation.w
      value: .819151998
      objectReference: {fileID: 0}
    - target: {fileID: 472584, guid: b17c576c934aa1447b629da613df79c0, type: 2}
      propertyPath: m_RootOrder
      value: 0
      objectReference: {fileID: 0}
    - target: {fileID: 112120, guid: b17c576c934aa1447b629da613df79c0, type: 2}
      propertyPath: m_Name
      value: Level_1_doska 1
      objectReference: {fileID: 0}
    m_RemovedComponents: []
  m_ParentPrefab: {fileID: 100100000, guid: b17c576c934aa1447b629da613df79c0, type: 2}
  m_IsPrefabParent: 0
--- !u!1 &753804744 stripped
GameObject:
  m_PrefabParentObject: {fileID: 112120, guid: b17c576c934aa1447b629da613df79c0, type: 2}
  m_PrefabInternal: {fileID: 753804743}
--- !u!1001 &966175340
Prefab:
  m_ObjectHideFlags: 0
  serializedVersion: 2
  m_Modification:
    m_TransformParent: {fileID: 0}
    m_Modifications:
    - target: {fileID: 433696, guid: 4438b3e21761909419956583a506b292, type: 2}
      propertyPath: m_LocalPosition.x
      value: 0
      objectReference: {fileID: 0}
    - target: {fileID: 433696, guid: 4438b3e21761909419956583a506b292, type: 2}
      propertyPath: m_LocalPosition.y
      value: 0
      objectReference: {fileID: 0}
    - target: {fileID: 433696, guid: 4438b3e21761909419956583a506b292, type: 2}
      propertyPath: m_LocalPosition.z
      value: 0
      objectReference: {fileID: 0}
    - target: {fileID: 433696, guid: 4438b3e21761909419956583a506b292, type: 2}
      propertyPath: m_LocalRotation.x
      value: 0
      objectReference: {fileID: 0}
    - target: {fileID: 433696, guid: 4438b3e21761909419956583a506b292, type: 2}
      propertyPath: m_LocalRotation.y
      value: 0
      objectReference: {fileID: 0}
    - target: {fileID: 433696, guid: 4438b3e21761909419956583a506b292, type: 2}
      propertyPath: m_LocalRotation.z
      value: 0
      objectReference: {fileID: 0}
    - target: {fileID: 433696, guid: 4438b3e21761909419956583a506b292, type: 2}
      propertyPath: m_LocalRotation.w
      value: 1
      objectReference: {fileID: 0}
    - target: {fileID: 433696, guid: 4438b3e21761909419956583a506b292, type: 2}
      propertyPath: m_RootOrder
      value: 14
      objectReference: {fileID: 0}
    m_RemovedComponents: []
  m_ParentPrefab: {fileID: 100100000, guid: 4438b3e21761909419956583a506b292, type: 2}
  m_IsPrefabParent: 0
--- !u!1001 &1140976687
Prefab:
  m_ObjectHideFlags: 0
  serializedVersion: 2
  m_Modification:
    m_TransformParent: {fileID: 0}
    m_Modifications:
    - target: {fileID: 400000, guid: 1a056fcbe282b774e89c83cc1f01cdb2, type: 2}
      propertyPath: m_LocalPosition.x
      value: 0
      objectReference: {fileID: 0}
    - target: {fileID: 400000, guid: 1a056fcbe282b774e89c83cc1f01cdb2, type: 2}
      propertyPath: m_LocalPosition.y
      value: 0
      objectReference: {fileID: 0}
    - target: {fileID: 400000, guid: 1a056fcbe282b774e89c83cc1f01cdb2, type: 2}
      propertyPath: m_LocalPosition.z
      value: 1
      objectReference: {fileID: 0}
    - target: {fileID: 400000, guid: 1a056fcbe282b774e89c83cc1f01cdb2, type: 2}
      propertyPath: m_LocalRotation.x
      value: 0
      objectReference: {fileID: 0}
    - target: {fileID: 400000, guid: 1a056fcbe282b774e89c83cc1f01cdb2, type: 2}
      propertyPath: m_LocalRotation.y
      value: 0
      objectReference: {fileID: 0}
    - target: {fileID: 400000, guid: 1a056fcbe282b774e89c83cc1f01cdb2, type: 2}
      propertyPath: m_LocalRotation.z
      value: 0
      objectReference: {fileID: 0}
    - target: {fileID: 400000, guid: 1a056fcbe282b774e89c83cc1f01cdb2, type: 2}
      propertyPath: m_LocalRotation.w
      value: 1
      objectReference: {fileID: 0}
    - target: {fileID: 400000, guid: 1a056fcbe282b774e89c83cc1f01cdb2, type: 2}
      propertyPath: m_LocalScale.x
      value: 1
      objectReference: {fileID: 0}
    - target: {fileID: 400000, guid: 1a056fcbe282b774e89c83cc1f01cdb2, type: 2}
      propertyPath: m_RootOrder
      value: 3
      objectReference: {fileID: 0}
    - target: {fileID: 400000, guid: 1a056fcbe282b774e89c83cc1f01cdb2, type: 2}
      propertyPath: m_LocalScale.y
      value: 1
      objectReference: {fileID: 0}
    - target: {fileID: 400000, guid: 1a056fcbe282b774e89c83cc1f01cdb2, type: 2}
      propertyPath: m_LocalScale.z
      value: 1
      objectReference: {fileID: 0}
    - target: {fileID: 21200000, guid: 1a056fcbe282b774e89c83cc1f01cdb2, type: 2}
      propertyPath: m_Sprite
      value: 
      objectReference: {fileID: 21300000, guid: 1248bf6272da4404daf6143be2802bcc,
        type: 3}
    m_RemovedComponents: []
  m_ParentPrefab: {fileID: 100100000, guid: 1a056fcbe282b774e89c83cc1f01cdb2, type: 2}
  m_IsPrefabParent: 0
--- !u!1001 &1271522976
Prefab:
  m_ObjectHideFlags: 0
  serializedVersion: 2
  m_Modification:
    m_TransformParent: {fileID: 0}
    m_Modifications:
    - target: {fileID: 486978, guid: 33ce519753ecc19479e6da9eb655d64f, type: 2}
      propertyPath: m_LocalPosition.x
      value: -4.92000008
      objectReference: {fileID: 0}
    - target: {fileID: 486978, guid: 33ce519753ecc19479e6da9eb655d64f, type: 2}
      propertyPath: m_LocalPosition.y
      value: 2.50999999
      objectReference: {fileID: 0}
    - target: {fileID: 486978, guid: 33ce519753ecc19479e6da9eb655d64f, type: 2}
      propertyPath: m_LocalPosition.z
      value: 0
      objectReference: {fileID: 0}
    - target: {fileID: 486978, guid: 33ce519753ecc19479e6da9eb655d64f, type: 2}
      propertyPath: m_LocalRotation.x
      value: 0
      objectReference: {fileID: 0}
    - target: {fileID: 486978, guid: 33ce519753ecc19479e6da9eb655d64f, type: 2}
      propertyPath: m_LocalRotation.y
      value: 0
      objectReference: {fileID: 0}
    - target: {fileID: 486978, guid: 33ce519753ecc19479e6da9eb655d64f, type: 2}
      propertyPath: m_LocalRotation.z
      value: 0
      objectReference: {fileID: 0}
    - target: {fileID: 486978, guid: 33ce519753ecc19479e6da9eb655d64f, type: 2}
      propertyPath: m_LocalRotation.w
      value: 1
      objectReference: {fileID: 0}
    - target: {fileID: 486978, guid: 33ce519753ecc19479e6da9eb655d64f, type: 2}
      propertyPath: m_RootOrder
      value: 11
      objectReference: {fileID: 0}
    - target: {fileID: 164022, guid: 33ce519753ecc19479e6da9eb655d64f, type: 2}
      propertyPath: m_Name
      value: Ball
      objectReference: {fileID: 0}
    - target: {fileID: 11472782, guid: 33ce519753ecc19479e6da9eb655d64f, type: 2}
      propertyPath: PanelLevelCompleted
      value: 
      objectReference: {fileID: 1783735421}
    - target: {fileID: 11472782, guid: 33ce519753ecc19479e6da9eb655d64f, type: 2}
      propertyPath: LevelComplitedStars
      value: 
      objectReference: {fileID: 196804028}
    - target: {fileID: 11472782, guid: 33ce519753ecc19479e6da9eb655d64f, type: 2}
      propertyPath: GameStars
      value: 
      objectReference: {fileID: 656515386}
    - target: {fileID: 11472782, guid: 33ce519753ecc19479e6da9eb655d64f, type: 2}
      propertyPath: limit1
      value: 10
      objectReference: {fileID: 0}
    - target: {fileID: 11472782, guid: 33ce519753ecc19479e6da9eb655d64f, type: 2}
      propertyPath: limit2
      value: 15
      objectReference: {fileID: 0}
    - target: {fileID: 11472782, guid: 33ce519753ecc19479e6da9eb655d64f, type: 2}
      propertyPath: limit3
      value: 20
      objectReference: {fileID: 0}
    m_RemovedComponents: []
  m_ParentPrefab: {fileID: 100100000, guid: 33ce519753ecc19479e6da9eb655d64f, type: 2}
  m_IsPrefabParent: 0
--- !u!1001 &1449701008
Prefab:
  m_ObjectHideFlags: 0
  serializedVersion: 2
  m_Modification:
    m_TransformParent: {fileID: 0}
    m_Modifications:
    - target: {fileID: 22495554, guid: 1ed1379a051a63f4091e0e0c9db32b2b, type: 2}
      propertyPath: m_LocalPosition.x
      value: 0
      objectReference: {fileID: 0}
    - target: {fileID: 22495554, guid: 1ed1379a051a63f4091e0e0c9db32b2b, type: 2}
      propertyPath: m_LocalPosition.y
      value: 0
      objectReference: {fileID: 0}
    - target: {fileID: 22495554, guid: 1ed1379a051a63f4091e0e0c9db32b2b, type: 2}
      propertyPath: m_LocalPosition.z
      value: 0
      objectReference: {fileID: 0}
    - target: {fileID: 22495554, guid: 1ed1379a051a63f4091e0e0c9db32b2b, type: 2}
      propertyPath: m_LocalRotation.x
      value: 0
      objectReference: {fileID: 0}
    - target: {fileID: 22495554, guid: 1ed1379a051a63f4091e0e0c9db32b2b, type: 2}
      propertyPath: m_LocalRotation.y
      value: 0
      objectReference: {fileID: 0}
    - target: {fileID: 22495554, guid: 1ed1379a051a63f4091e0e0c9db32b2b, type: 2}
      propertyPath: m_LocalRotation.z
      value: 0
      objectReference: {fileID: 0}
    - target: {fileID: 22495554, guid: 1ed1379a051a63f4091e0e0c9db32b2b, type: 2}
      propertyPath: m_LocalRotation.w
      value: 1
      objectReference: {fileID: 0}
    - target: {fileID: 22495554, guid: 1ed1379a051a63f4091e0e0c9db32b2b, type: 2}
      propertyPath: m_RootOrder
      value: 10
      objectReference: {fileID: 0}
    - target: {fileID: 22495554, guid: 1ed1379a051a63f4091e0e0c9db32b2b, type: 2}
      propertyPath: m_AnchoredPosition.x
      value: 0
      objectReference: {fileID: 0}
    - target: {fileID: 22495554, guid: 1ed1379a051a63f4091e0e0c9db32b2b, type: 2}
      propertyPath: m_AnchoredPosition.y
      value: 0
      objectReference: {fileID: 0}
    - target: {fileID: 22495554, guid: 1ed1379a051a63f4091e0e0c9db32b2b, type: 2}
      propertyPath: m_SizeDelta.x
      value: 0
      objectReference: {fileID: 0}
    - target: {fileID: 22495554, guid: 1ed1379a051a63f4091e0e0c9db32b2b, type: 2}
      propertyPath: m_SizeDelta.y
      value: 0
      objectReference: {fileID: 0}
    - target: {fileID: 22495554, guid: 1ed1379a051a63f4091e0e0c9db32b2b, type: 2}
      propertyPath: m_AnchorMin.x
      value: 0
      objectReference: {fileID: 0}
    - target: {fileID: 22495554, guid: 1ed1379a051a63f4091e0e0c9db32b2b, type: 2}
      propertyPath: m_AnchorMin.y
      value: 0
      objectReference: {fileID: 0}
    - target: {fileID: 22495554, guid: 1ed1379a051a63f4091e0e0c9db32b2b, type: 2}
      propertyPath: m_AnchorMax.x
      value: 0
      objectReference: {fileID: 0}
    - target: {fileID: 22495554, guid: 1ed1379a051a63f4091e0e0c9db32b2b, type: 2}
      propertyPath: m_AnchorMax.y
      value: 0
      objectReference: {fileID: 0}
    - target: {fileID: 22495554, guid: 1ed1379a051a63f4091e0e0c9db32b2b, type: 2}
      propertyPath: m_Pivot.x
      value: 0
      objectReference: {fileID: 0}
    - target: {fileID: 22495554, guid: 1ed1379a051a63f4091e0e0c9db32b2b, type: 2}
      propertyPath: m_Pivot.y
      value: 0
      objectReference: {fileID: 0}
    - target: {fileID: 11422092, guid: 1ed1379a051a63f4091e0e0c9db32b2b, type: 2}
      propertyPath: m_OnClick.m_PersistentCalls.m_Calls.Array.data[0].m_Target
      value: 
      objectReference: {fileID: 63776651}
    - target: {fileID: 11422092, guid: 1ed1379a051a63f4091e0e0c9db32b2b, type: 2}
      propertyPath: m_OnClick.m_PersistentCalls.m_Calls.Array.data[0].m_MethodName
      value: GravityDefault
      objectReference: {fileID: 0}
    - target: {fileID: 11480102, guid: 1ed1379a051a63f4091e0e0c9db32b2b, type: 2}
      propertyPath: m_OnClick.m_PersistentCalls.m_Calls.Array.data[0].m_Target
      value: 
      objectReference: {fileID: 63776651}
    - target: {fileID: 11480102, guid: 1ed1379a051a63f4091e0e0c9db32b2b, type: 2}
      propertyPath: m_OnClick.m_PersistentCalls.m_Calls.Array.data[0].m_MethodName
      value: FixDefault
      objectReference: {fileID: 0}
    - target: {fileID: 11458114, guid: 1ed1379a051a63f4091e0e0c9db32b2b, type: 2}
      propertyPath: m_OnClick.m_PersistentCalls.m_Calls.Array.data[0].m_Target
      value: 
      objectReference: {fileID: 63776651}
    - target: {fileID: 11458114, guid: 1ed1379a051a63f4091e0e0c9db32b2b, type: 2}
      propertyPath: m_OnClick.m_PersistentCalls.m_Calls.Array.data[0].m_MethodName
      value: Pause
      objectReference: {fileID: 0}
    - target: {fileID: 11417484, guid: 1ed1379a051a63f4091e0e0c9db32b2b, type: 2}
      propertyPath: m_OnClick.m_PersistentCalls.m_Calls.Array.data[0].m_Target
      value: 
      objectReference: {fileID: 63776651}
    - target: {fileID: 11417484, guid: 1ed1379a051a63f4091e0e0c9db32b2b, type: 2}
      propertyPath: m_OnClick.m_PersistentCalls.m_Calls.Array.data[0].m_MethodName
      value: PauseToMenu
      objectReference: {fileID: 0}
    - target: {fileID: 11417484, guid: 1ed1379a051a63f4091e0e0c9db32b2b, type: 2}
      propertyPath: m_OnClick.m_PersistentCalls.m_Calls.Array.data[0].m_Mode
      value: 1
      objectReference: {fileID: 0}
    - target: {fileID: 11417484, guid: 1ed1379a051a63f4091e0e0c9db32b2b, type: 2}
      propertyPath: m_OnClick.m_PersistentCalls.m_Calls.Array.data[0].m_Arguments.m_StringArgument
      value: MainMenu
      objectReference: {fileID: 0}
    - target: {fileID: 11446546, guid: 1ed1379a051a63f4091e0e0c9db32b2b, type: 2}
      propertyPath: m_OnClick.m_PersistentCalls.m_Calls.Array.data[0].m_Target
      value: 
      objectReference: {fileID: 63776651}
    - target: {fileID: 11446546, guid: 1ed1379a051a63f4091e0e0c9db32b2b, type: 2}
      propertyPath: m_OnClick.m_PersistentCalls.m_Calls.Array.data[0].m_MethodName
      value: PauseToReload
      objectReference: {fileID: 0}
    - target: {fileID: 11456016, guid: 1ed1379a051a63f4091e0e0c9db32b2b, type: 2}
      propertyPath: m_OnClick.m_PersistentCalls.m_Calls.Array.data[0].m_Target
      value: 
      objectReference: {fileID: 63776651}
    - target: {fileID: 11456016, guid: 1ed1379a051a63f4091e0e0c9db32b2b, type: 2}
      propertyPath: m_OnClick.m_PersistentCalls.m_Calls.Array.data[0].m_MethodName
      value: HideAdditionMenu
      objectReference: {fileID: 0}
    - target: {fileID: 11456016, guid: 1ed1379a051a63f4091e0e0c9db32b2b, type: 2}
      propertyPath: m_OnClick.m_PersistentCalls.m_Calls.Array.data[1].m_Target
      value: 
      objectReference: {fileID: 63776651}
    - target: {fileID: 11456016, guid: 1ed1379a051a63f4091e0e0c9db32b2b, type: 2}
      propertyPath: m_OnClick.m_PersistentCalls.m_Calls.Array.data[1].m_MethodName
      value: PauseToReturn
      objectReference: {fileID: 0}
    - target: {fileID: 11438588, guid: 1ed1379a051a63f4091e0e0c9db32b2b, type: 2}
      propertyPath: m_OnClick.m_PersistentCalls.m_Calls.Array.data[0].m_Target
      value: 
      objectReference: {fileID: 63776651}
    - target: {fileID: 11438588, guid: 1ed1379a051a63f4091e0e0c9db32b2b, type: 2}
      propertyPath: m_OnClick.m_PersistentCalls.m_Calls.Array.data[0].m_MethodName
      value: PauseToMenu
      objectReference: {fileID: 0}
    - target: {fileID: 11488152, guid: 1ed1379a051a63f4091e0e0c9db32b2b, type: 2}
      propertyPath: m_OnClick.m_PersistentCalls.m_Calls.Array.data[0].m_Target
      value: 
      objectReference: {fileID: 63776651}
    - target: {fileID: 11488152, guid: 1ed1379a051a63f4091e0e0c9db32b2b, type: 2}
      propertyPath: m_OnClick.m_PersistentCalls.m_Calls.Array.data[0].m_MethodName
      value: PauseToReload
      objectReference: {fileID: 0}
    - target: {fileID: 11439482, guid: 1ed1379a051a63f4091e0e0c9db32b2b, type: 2}
      propertyPath: m_OnClick.m_PersistentCalls.m_Calls.Array.data[0].m_Target
      value: 
      objectReference: {fileID: 63776651}
    - target: {fileID: 11439482, guid: 1ed1379a051a63f4091e0e0c9db32b2b, type: 2}
      propertyPath: m_OnClick.m_PersistentCalls.m_Calls.Array.data[0].m_MethodName
      value: LoadLevel
      objectReference: {fileID: 0}
    - target: {fileID: 11444810, guid: 1ed1379a051a63f4091e0e0c9db32b2b, type: 2}
      propertyPath: m_OnClick.m_PersistentCalls.m_Calls.Array.data[0].m_Target
      value: 
      objectReference: {fileID: 63776651}
    - target: {fileID: 11444810, guid: 1ed1379a051a63f4091e0e0c9db32b2b, type: 2}
      propertyPath: m_OnClick.m_PersistentCalls.m_Calls.Array.data[0].m_MethodName
      value: FacebookShare
      objectReference: {fileID: 0}
    - target: {fileID: 11488024, guid: 1ed1379a051a63f4091e0e0c9db32b2b, type: 2}
      propertyPath: m_OnClick.m_PersistentCalls.m_Calls.Array.data[0].m_Target
      value: 
      objectReference: {fileID: 63776651}
    - target: {fileID: 11488024, guid: 1ed1379a051a63f4091e0e0c9db32b2b, type: 2}
      propertyPath: m_OnClick.m_PersistentCalls.m_Calls.Array.data[0].m_MethodName
      value: TwitterShare
      objectReference: {fileID: 0}
    - target: {fileID: 11439482, guid: 1ed1379a051a63f4091e0e0c9db32b2b, type: 2}
      propertyPath: m_OnClick.m_PersistentCalls.m_Calls.Array.data[0].m_Arguments.m_StringArgument
      value: scene3
      objectReference: {fileID: 0}
    - target: {fileID: 11422092, guid: 1ed1379a051a63f4091e0e0c9db32b2b, type: 2}
      propertyPath: m_OnClick.m_PersistentCalls.m_Calls.Array.data[1].m_Target
      value: 
      objectReference: {fileID: 63776651}
    - target: {fileID: 11422092, guid: 1ed1379a051a63f4091e0e0c9db32b2b, type: 2}
      propertyPath: m_OnClick.m_PersistentCalls.m_Calls.Array.data[1].m_MethodName
      value: GravitySound
      objectReference: {fileID: 0}
    m_RemovedComponents: []
  m_ParentPrefab: {fileID: 100100000, guid: 1ed1379a051a63f4091e0e0c9db32b2b, type: 2}
  m_IsPrefabParent: 0
--- !u!1 &1783735421 stripped
GameObject:
  m_PrefabParentObject: {fileID: 150444, guid: 1ed1379a051a63f4091e0e0c9db32b2b, type: 2}
  m_PrefabInternal: {fileID: 1449701008}
--- !u!1 &1814414493 stripped
GameObject:
  m_PrefabParentObject: {fileID: 100000, guid: 1a056fcbe282b774e89c83cc1f01cdb2, type: 2}
  m_PrefabInternal: {fileID: 1140976687}
--- !u!1001 &1855733931
Prefab:
  m_ObjectHideFlags: 0
  serializedVersion: 2
  m_Modification:
    m_TransformParent: {fileID: 0}
    m_Modifications:
    - target: {fileID: 425132, guid: e8777dae171279545bd6ec0fec2d5254, type: 2}
      propertyPath: m_LocalPosition.x
      value: -.706479311
      objectReference: {fileID: 0}
    - target: {fileID: 425132, guid: e8777dae171279545bd6ec0fec2d5254, type: 2}
      propertyPath: m_LocalPosition.y
      value: -.867986143
      objectReference: {fileID: 0}
    - target: {fileID: 425132, guid: e8777dae171279545bd6ec0fec2d5254, type: 2}
      propertyPath: m_LocalPosition.z
      value: 0
      objectReference: {fileID: 0}
    - target: {fileID: 425132, guid: e8777dae171279545bd6ec0fec2d5254, type: 2}
      propertyPath: m_LocalRotation.x
      value: 0
      objectReference: {fileID: 0}
    - target: {fileID: 425132, guid: e8777dae171279545bd6ec0fec2d5254, type: 2}
      propertyPath: m_LocalRotation.y
      value: 0
      objectReference: {fileID: 0}
    - target: {fileID: 425132, guid: e8777dae171279545bd6ec0fec2d5254, type: 2}
      propertyPath: m_LocalRotation.z
      value: 0
      objectReference: {fileID: 0}
    - target: {fileID: 425132, guid: e8777dae171279545bd6ec0fec2d5254, type: 2}
      propertyPath: m_LocalRotation.w
      value: 1
      objectReference: {fileID: 0}
    - target: {fileID: 425132, guid: e8777dae171279545bd6ec0fec2d5254, type: 2}
      propertyPath: m_RootOrder
      value: 5
      objectReference: {fileID: 0}
    m_RemovedComponents: []
  m_ParentPrefab: {fileID: 100100000, guid: e8777dae171279545bd6ec0fec2d5254, type: 2}
  m_IsPrefabParent: 0
--- !u!1001 &1892897913
Prefab:
  m_ObjectHideFlags: 0
  serializedVersion: 2
  m_Modification:
    m_TransformParent: {fileID: 0}
    m_Modifications:
    - target: {fileID: 456856, guid: 147226c194e8f2e4881a090a2d561071, type: 2}
      propertyPath: m_LocalPosition.x
      value: 6.48000002
      objectReference: {fileID: 0}
    - target: {fileID: 456856, guid: 147226c194e8f2e4881a090a2d561071, type: 2}
      propertyPath: m_LocalPosition.y
      value: -.660000026
      objectReference: {fileID: 0}
    - target: {fileID: 456856, guid: 147226c194e8f2e4881a090a2d561071, type: 2}
      propertyPath: m_LocalPosition.z
      value: 0
      objectReference: {fileID: 0}
    - target: {fileID: 456856, guid: 147226c194e8f2e4881a090a2d561071, type: 2}
      propertyPath: m_LocalRotation.x
      value: 0
      objectReference: {fileID: 0}
    - target: {fileID: 456856, guid: 147226c194e8f2e4881a090a2d561071, type: 2}
      propertyPath: m_LocalRotation.y
      value: 0
      objectReference: {fileID: 0}
    - target: {fileID: 456856, guid: 147226c194e8f2e4881a090a2d561071, type: 2}
      propertyPath: m_LocalRotation.z
      value: 0
      objectReference: {fileID: 0}
    - target: {fileID: 456856, guid: 147226c194e8f2e4881a090a2d561071, type: 2}
      propertyPath: m_LocalRotation.w
      value: 1
      objectReference: {fileID: 0}
    - target: {fileID: 456856, guid: 147226c194e8f2e4881a090a2d561071, type: 2}
      propertyPath: m_RootOrder
      value: 7
      objectReference: {fileID: 0}
    m_RemovedComponents: []
  m_ParentPrefab: {fileID: 100100000, guid: 147226c194e8f2e4881a090a2d561071, type: 2}
  m_IsPrefabParent: 0
--- !u!1001 &1909086449
Prefab:
  m_ObjectHideFlags: 0
  serializedVersion: 2
  m_Modification:
    m_TransformParent: {fileID: 0}
    m_Modifications:
    - target: {fileID: 497044, guid: 03dab081d79d4734fa385c31a85ee995, type: 2}
      propertyPath: m_LocalPosition.x
      value: .99000001
      objectReference: {fileID: 0}
    - target: {fileID: 497044, guid: 03dab081d79d4734fa385c31a85ee995, type: 2}
      propertyPath: m_LocalPosition.y
      value: -.5
      objectReference: {fileID: 0}
    - target: {fileID: 497044, guid: 03dab081d79d4734fa385c31a85ee995, type: 2}
      propertyPath: m_LocalPosition.z
      value: 0
      objectReference: {fileID: 0}
    - target: {fileID: 497044, guid: 03dab081d79d4734fa385c31a85ee995, type: 2}
      propertyPath: m_LocalRotation.x
      value: 0
      objectReference: {fileID: 0}
    - target: {fileID: 497044, guid: 03dab081d79d4734fa385c31a85ee995, type: 2}
      propertyPath: m_LocalRotation.y
      value: 0
      objectReference: {fileID: 0}
    - target: {fileID: 497044, guid: 03dab081d79d4734fa385c31a85ee995, type: 2}
      propertyPath: m_LocalRotation.z
      value: 0
      objectReference: {fileID: 0}
    - target: {fileID: 497044, guid: 03dab081d79d4734fa385c31a85ee995, type: 2}
      propertyPath: m_LocalRotation.w
      value: 1
      objectReference: {fileID: 0}
    - target: {fileID: 497044, guid: 03dab081d79d4734fa385c31a85ee995, type: 2}
      propertyPath: m_RootOrder
      value: 9
      objectReference: {fileID: 0}
    m_RemovedComponents: []
  m_ParentPrefab: {fileID: 100100000, guid: 03dab081d79d4734fa385c31a85ee995, type: 2}
  m_IsPrefabParent: 0
--- !u!1 &1909086450 stripped
GameObject:
  m_PrefabParentObject: {fileID: 114628, guid: 03dab081d79d4734fa385c31a85ee995, type: 2}
  m_PrefabInternal: {fileID: 1909086449}
--- !u!1001 &2004360123
Prefab:
  m_ObjectHideFlags: 0
  serializedVersion: 2
  m_Modification:
    m_TransformParent: {fileID: 0}
    m_Modifications:
    - target: {fileID: 421704, guid: 5a60dcf1339452244976c574dca080ee, type: 2}
      propertyPath: m_LocalPosition.x
      value: -.64514643
      objectReference: {fileID: 0}
    - target: {fileID: 421704, guid: 5a60dcf1339452244976c574dca080ee, type: 2}
      propertyPath: m_LocalPosition.y
      value: -1.74960268
      objectReference: {fileID: 0}
    - target: {fileID: 421704, guid: 5a60dcf1339452244976c574dca080ee, type: 2}
      propertyPath: m_LocalPosition.z
      value: -1.87018108
      objectReference: {fileID: 0}
    - target: {fileID: 421704, guid: 5a60dcf1339452244976c574dca080ee, type: 2}
      propertyPath: m_LocalRotation.x
      value: 0
      objectReference: {fileID: 0}
    - target: {fileID: 421704, guid: 5a60dcf1339452244976c574dca080ee, type: 2}
      propertyPath: m_LocalRotation.y
      value: 0
      objectReference: {fileID: 0}
    - target: {fileID: 421704, guid: 5a60dcf1339452244976c574dca080ee, type: 2}
      propertyPath: m_LocalRotation.z
      value: 0
      objectReference: {fileID: 0}
    - target: {fileID: 421704, guid: 5a60dcf1339452244976c574dca080ee, type: 2}
      propertyPath: m_LocalRotation.w
      value: 1
      objectReference: {fileID: 0}
    - target: {fileID: 421704, guid: 5a60dcf1339452244976c574dca080ee, type: 2}
      propertyPath: m_RootOrder
      value: 15
      objectReference: {fileID: 0}
    - target: {fileID: 11418078, guid: 5a60dcf1339452244976c574dca080ee, type: 2}
      propertyPath: mainCamera
      value: 
      objectReference: {fileID: 184876412}
    - target: {fileID: 11418078, guid: 5a60dcf1339452244976c574dca080ee, type: 2}
      propertyPath: backgroundImage
      value: 
      objectReference: {fileID: 1814414493}
    m_RemovedComponents: []
  m_ParentPrefab: {fileID: 100100000, guid: 5a60dcf1339452244976c574dca080ee, type: 2}
  m_IsPrefabParent: 0
--- !u!1001 &2125063962
Prefab:
  m_ObjectHideFlags: 0
  serializedVersion: 2
  m_Modification:
    m_TransformParent: {fileID: 0}
    m_Modifications:
    - target: {fileID: 400000, guid: f62ac7c088327d44ea95ce13b9112fd2, type: 2}
      propertyPath: m_LocalPosition.x
      value: 1.20000005
      objectReference: {fileID: 0}
    - target: {fileID: 400000, guid: f62ac7c088327d44ea95ce13b9112fd2, type: 2}
      propertyPath: m_LocalPosition.y
      value: -3.0999999
      objectReference: {fileID: 0}
    - target: {fileID: 400000, guid: f62ac7c088327d44ea95ce13b9112fd2, type: 2}
      propertyPath: m_LocalPosition.z
      value: 0
      objectReference: {fileID: 0}
    - target: {fileID: 400000, guid: f62ac7c088327d44ea95ce13b9112fd2, type: 2}
      propertyPath: m_LocalRotation.x
      value: 0
      objectReference: {fileID: 0}
    - target: {fileID: 400000, guid: f62ac7c088327d44ea95ce13b9112fd2, type: 2}
      propertyPath: m_LocalRotation.y
      value: 0
      objectReference: {fileID: 0}
    - target: {fileID: 400000, guid: f62ac7c088327d44ea95ce13b9112fd2, type: 2}
      propertyPath: m_LocalRotation.z
      value: 0
      objectReference: {fileID: 0}
    - target: {fileID: 400000, guid: f62ac7c088327d44ea95ce13b9112fd2, type: 2}
      propertyPath: m_LocalRotation.w
      value: 1
      objectReference: {fileID: 0}
    - target: {fileID: 21200000, guid: f62ac7c088327d44ea95ce13b9112fd2, type: 2}
      propertyPath: m_Enabled
      value: 0
      objectReference: {fileID: 0}
    - target: {fileID: 400000, guid: f62ac7c088327d44ea95ce13b9112fd2, type: 2}
      propertyPath: m_RootOrder
      value: 4
      objectReference: {fileID: 0}
    m_RemovedComponents: []
  m_ParentPrefab: {fileID: 100100000, guid: f62ac7c088327d44ea95ce13b9112fd2, type: 2}
  m_IsPrefabParent: 0
--- !u!1 &2125063963 stripped
GameObject:
  m_PrefabParentObject: {fileID: 100000, guid: f62ac7c088327d44ea95ce13b9112fd2, type: 2}
  m_PrefabInternal: {fileID: 2125063962}
--- !u!114 &2125063964
MonoBehaviour:
  m_ObjectHideFlags: 0
  m_PrefabParentObject: {fileID: 0}
  m_PrefabInternal: {fileID: 0}
  m_GameObject: {fileID: 2125063963}
  m_Enabled: 1
  m_EditorHideFlags: 0
  m_Script: {fileID: 11500000, guid: 4e2cccd9ab6f5824e94ffd4dae694daa, type: 3}
  m_Name: 
  m_EditorClassIdentifier: 
--- !u!82 &2125063965
AudioSource:
  m_ObjectHideFlags: 0
  m_PrefabParentObject: {fileID: 0}
  m_PrefabInternal: {fileID: 0}
  m_GameObject: {fileID: 2125063963}
  m_Enabled: 1
  serializedVersion: 4
  OutputAudioMixerGroup: {fileID: 0}
  m_audioClip: {fileID: 8300000, guid: 8885195e04c32694b8ae9e6c3567ad58, type: 3}
  m_PlayOnAwake: 0
  m_Volume: 1
  m_Pitch: 1
  Loop: 0
  Mute: 0
  Priority: 128
  DopplerLevel: 1
  MinDistance: 1
  MaxDistance: 500
  Pan2D: 0
  rolloffMode: 0
  BypassEffects: 0
  BypassListenerEffects: 0
  BypassReverbZones: 0
  rolloffCustomCurve:
    serializedVersion: 2
    m_Curve:
    - time: 0
      value: 1
      inSlope: 0
      outSlope: 0
      tangentMode: 0
    - time: 1
      value: 0
      inSlope: 0
      outSlope: 0
      tangentMode: 0
    m_PreInfinity: 2
    m_PostInfinity: 2
  panLevelCustomCurve:
    serializedVersion: 2
    m_Curve:
    - time: 0
      value: 1
      inSlope: 0
      outSlope: 0
      tangentMode: 0
    m_PreInfinity: 2
    m_PostInfinity: 2
  spreadCustomCurve:
    serializedVersion: 2
    m_Curve:
    - time: 0
      value: 0
      inSlope: 0
      outSlope: 0
      tangentMode: 0
    m_PreInfinity: 2
    m_PostInfinity: 2
  reverbZoneMixCustomCurve:
    serializedVersion: 2
    m_Curve:
    - time: 0
      value: 1
      inSlope: 0
      outSlope: 0
      tangentMode: 0
    m_PreInfinity: 2
    m_PostInfinity: 2
