%YAML 1.1
%TAG !u! tag:unity3d.com,2011:
--- !u!29 &1
SceneSettings:
  m_ObjectHideFlags: 0
  m_PVSData: 
  m_PVSObjectsArray: []
  m_PVSPortalsArray: []
  m_OcclusionBakeSettings:
    smallestOccluder: 5
    smallestHole: .25
    backfaceThreshold: 100
--- !u!104 &2
RenderSettings:
  m_ObjectHideFlags: 0
  serializedVersion: 6
  m_Fog: 0
  m_FogColor: {r: .5, g: .5, b: .5, a: 1}
  m_FogMode: 3
  m_FogDensity: .00999999978
  m_LinearFogStart: 0
  m_LinearFogEnd: 300
  m_AmbientSkyColor: {r: .200000003, g: .200000003, b: .200000003, a: 1}
  m_AmbientEquatorColor: {r: .200000003, g: .200000003, b: .200000003, a: 1}
  m_AmbientGroundColor: {r: .200000003, g: .200000003, b: .200000003, a: 1}
  m_AmbientIntensity: 1
  m_AmbientMode: 3
  m_SkyboxMaterial: {fileID: 0}
  m_HaloStrength: .5
  m_FlareStrength: 1
  m_FlareFadeSpeed: 3
  m_HaloTexture: {fileID: 0}
  m_SpotCookie: {fileID: 10001, guid: 0000000000000000e000000000000000, type: 0}
  m_DefaultReflectionMode: 0
  m_DefaultReflectionResolution: 128
  m_ReflectionBounces: 1
  m_ReflectionIntensity: 1
  m_CustomReflection: {fileID: 0}
  m_Sun: {fileID: 0}
--- !u!127 &3
LevelGameManager:
  m_ObjectHideFlags: 0
--- !u!157 &4
LightmapSettings:
  m_ObjectHideFlags: 0
  serializedVersion: 5
  m_GIWorkflowMode: 1
  m_LightmapsMode: 1
  m_GISettings:
    serializedVersion: 2
    m_BounceScale: 1
    m_IndirectOutputScale: 1
    m_AlbedoBoost: 1
    m_TemporalCoherenceThreshold: 1
    m_EnvironmentLightingMode: 0
    m_EnableBakedLightmaps: 1
    m_EnableRealtimeLightmaps: 0
  m_LightmapEditorSettings:
    serializedVersion: 3
    m_Resolution: 1
    m_BakeResolution: 50
    m_TextureWidth: 1024
    m_TextureHeight: 1024
    m_AOMaxDistance: 1
    m_Padding: 2
    m_CompAOExponent: 0
    m_LightmapParameters: {fileID: 0}
    m_TextureCompression: 0
    m_FinalGather: 0
    m_FinalGatherRayCount: 1024
  m_LightmapSnapshot: {fileID: 0}
  m_RuntimeCPUUsage: 25
--- !u!196 &5
NavMeshSettings:
  serializedVersion: 2
  m_ObjectHideFlags: 0
  m_BuildSettings:
    serializedVersion: 2
    agentRadius: .5
    agentHeight: 2
    agentSlope: 45
    agentClimb: .400000006
    ledgeDropHeight: 0
    maxJumpAcrossDistance: 0
    accuratePlacement: 0
    minRegionArea: 2
    cellSize: .166666657
    manualCellSize: 0
  m_NavMeshData: {fileID: 0}
--- !u!1001 &82059633
Prefab:
  m_ObjectHideFlags: 0
  serializedVersion: 2
  m_Modification:
    m_TransformParent: {fileID: 0}
    m_Modifications:
    - target: {fileID: 453650, guid: 7b6dd59991dce534b9f494ce875b4063, type: 2}
      propertyPath: m_LocalPosition.x
      value: 0
      objectReference: {fileID: 0}
    - target: {fileID: 453650, guid: 7b6dd59991dce534b9f494ce875b4063, type: 2}
      propertyPath: m_LocalPosition.y
      value: 0
      objectReference: {fileID: 0}
    - target: {fileID: 453650, guid: 7b6dd59991dce534b9f494ce875b4063, type: 2}
      propertyPath: m_LocalPosition.z
      value: -2
      objectReference: {fileID: 0}
    - target: {fileID: 453650, guid: 7b6dd59991dce534b9f494ce875b4063, type: 2}
      propertyPath: m_LocalRotation.x
      value: 0
      objectReference: {fileID: 0}
    - target: {fileID: 453650, guid: 7b6dd59991dce534b9f494ce875b4063, type: 2}
      propertyPath: m_LocalRotation.y
      value: 0
      objectReference: {fileID: 0}
    - target: {fileID: 453650, guid: 7b6dd59991dce534b9f494ce875b4063, type: 2}
      propertyPath: m_LocalRotation.z
      value: 0
      objectReference: {fileID: 0}
    - target: {fileID: 453650, guid: 7b6dd59991dce534b9f494ce875b4063, type: 2}
      propertyPath: m_LocalRotation.w
      value: 1
      objectReference: {fileID: 0}
    - target: {fileID: 453650, guid: 7b6dd59991dce534b9f494ce875b4063, type: 2}
      propertyPath: m_RootOrder
      value: 11
      objectReference: {fileID: 0}
    m_RemovedComponents: []
  m_ParentPrefab: {fileID: 100100000, guid: 7b6dd59991dce534b9f494ce875b4063, type: 2}
  m_IsPrefabParent: 0
--- !u!1001 &315148814
Prefab:
  m_ObjectHideFlags: 0
  serializedVersion: 2
  m_Modification:
    m_TransformParent: {fileID: 0}
    m_Modifications:
    - target: {fileID: 400000, guid: 676b68c0efda42a48b513a52a9d5342a, type: 2}
      propertyPath: m_LocalPosition.x
      value: 0
      objectReference: {fileID: 0}
    - target: {fileID: 400000, guid: 676b68c0efda42a48b513a52a9d5342a, type: 2}
      propertyPath: m_LocalPosition.y
      value: 0
      objectReference: {fileID: 0}
    - target: {fileID: 400000, guid: 676b68c0efda42a48b513a52a9d5342a, type: 2}
      propertyPath: m_LocalPosition.z
      value: -2
      objectReference: {fileID: 0}
    - target: {fileID: 400000, guid: 676b68c0efda42a48b513a52a9d5342a, type: 2}
      propertyPath: m_LocalRotation.x
      value: 0
      objectReference: {fileID: 0}
    - target: {fileID: 400000, guid: 676b68c0efda42a48b513a52a9d5342a, type: 2}
      propertyPath: m_LocalRotation.y
      value: 0
      objectReference: {fileID: 0}
    - target: {fileID: 400000, guid: 676b68c0efda42a48b513a52a9d5342a, type: 2}
      propertyPath: m_LocalRotation.z
      value: 0
      objectReference: {fileID: 0}
    - target: {fileID: 400000, guid: 676b68c0efda42a48b513a52a9d5342a, type: 2}
      propertyPath: m_LocalRotation.w
      value: 1
      objectReference: {fileID: 0}
    - target: {fileID: 11400000, guid: 676b68c0efda42a48b513a52a9d5342a, type: 2}
      propertyPath: ball
      value: 
      objectReference: {fileID: 1668085564}
    - target: {fileID: 11400000, guid: 676b68c0efda42a48b513a52a9d5342a, type: 2}
      propertyPath: object1
      value: 
      objectReference: {fileID: 0}
    - target: {fileID: 11400000, guid: 676b68c0efda42a48b513a52a9d5342a, type: 2}
      propertyPath: object2
      value: 
      objectReference: {fileID: 0}
    - target: {fileID: 11400000, guid: 676b68c0efda42a48b513a52a9d5342a, type: 2}
      propertyPath: object3
      value: 
      objectReference: {fileID: 0}
    - target: {fileID: 11400000, guid: 676b68c0efda42a48b513a52a9d5342a, type: 2}
      propertyPath: object4
      value: 
      objectReference: {fileID: 0}
    - target: {fileID: 11400000, guid: 676b68c0efda42a48b513a52a9d5342a, type: 2}
      propertyPath: spawnPoint
      value: 
      objectReference: {fileID: 0}
    - target: {fileID: 11400000, guid: 676b68c0efda42a48b513a52a9d5342a, type: 2}
      propertyPath: objectWithRotation1
      value: 
      objectReference: {fileID: 0}
    - target: {fileID: 11400000, guid: 676b68c0efda42a48b513a52a9d5342a, type: 2}
      propertyPath: objectWithRotation2
      value: 
      objectReference: {fileID: 0}
    - target: {fileID: 11400002, guid: 676b68c0efda42a48b513a52a9d5342a, type: 2}
      propertyPath: objectWithOtherScript3
      value: 
      objectReference: {fileID: 0}
    - target: {fileID: 11400002, guid: 676b68c0efda42a48b513a52a9d5342a, type: 2}
      propertyPath: objectWithOtherScript4
      value: 
      objectReference: {fileID: 0}
    - target: {fileID: 11400002, guid: 676b68c0efda42a48b513a52a9d5342a, type: 2}
      propertyPath: objectWithRotation1
      value: 
      objectReference: {fileID: 0}
    - target: {fileID: 11400002, guid: 676b68c0efda42a48b513a52a9d5342a, type: 2}
      propertyPath: objectWithRotation2
      value: 
      objectReference: {fileID: 0}
    - target: {fileID: 11400000, guid: 676b68c0efda42a48b513a52a9d5342a, type: 2}
      propertyPath: gravityScaleObj1
      value: 1
      objectReference: {fileID: 0}
    - target: {fileID: 11400000, guid: 676b68c0efda42a48b513a52a9d5342a, type: 2}
      propertyPath: gravityScaleObj2
      value: 3
      objectReference: {fileID: 0}
    - target: {fileID: 11400000, guid: 676b68c0efda42a48b513a52a9d5342a, type: 2}
      propertyPath: gravityScaleObj3
      value: 0
      objectReference: {fileID: 0}
    - target: {fileID: 400000, guid: 676b68c0efda42a48b513a52a9d5342a, type: 2}
      propertyPath: m_RootOrder
      value: 0
      objectReference: {fileID: 0}
    - target: {fileID: 2000000, guid: 676b68c0efda42a48b513a52a9d5342a, type: 2}
      propertyPath: orthographic size
      value: 3.5999999
      objectReference: {fileID: 0}
    m_RemovedComponents:
    - {fileID: 11400000, guid: 676b68c0efda42a48b513a52a9d5342a, type: 2}
    - {fileID: 11400002, guid: 676b68c0efda42a48b513a52a9d5342a, type: 2}
  m_ParentPrefab: {fileID: 100100000, guid: 676b68c0efda42a48b513a52a9d5342a, type: 2}
  m_IsPrefabParent: 0
--- !u!1001 &428263354
Prefab:
  m_ObjectHideFlags: 0
  serializedVersion: 2
  m_Modification:
    m_TransformParent: {fileID: 0}
    m_Modifications:
    - target: {fileID: 456856, guid: 147226c194e8f2e4881a090a2d561071, type: 2}
      propertyPath: m_LocalPosition.x
      value: 6.48000002
      objectReference: {fileID: 0}
    - target: {fileID: 456856, guid: 147226c194e8f2e4881a090a2d561071, type: 2}
      propertyPath: m_LocalPosition.y
      value: -.660000026
      objectReference: {fileID: 0}
    - target: {fileID: 456856, guid: 147226c194e8f2e4881a090a2d561071, type: 2}
      propertyPath: m_LocalPosition.z
      value: 0
      objectReference: {fileID: 0}
    - target: {fileID: 456856, guid: 147226c194e8f2e4881a090a2d561071, type: 2}
      propertyPath: m_LocalRotation.x
      value: 0
      objectReference: {fileID: 0}
    - target: {fileID: 456856, guid: 147226c194e8f2e4881a090a2d561071, type: 2}
      propertyPath: m_LocalRotation.y
      value: 0
      objectReference: {fileID: 0}
    - target: {fileID: 456856, guid: 147226c194e8f2e4881a090a2d561071, type: 2}
      propertyPath: m_LocalRotation.z
      value: 0
      objectReference: {fileID: 0}
    - target: {fileID: 456856, guid: 147226c194e8f2e4881a090a2d561071, type: 2}
      propertyPath: m_LocalRotation.w
      value: 1
      objectReference: {fileID: 0}
    - target: {fileID: 456856, guid: 147226c194e8f2e4881a090a2d561071, type: 2}
      propertyPath: m_RootOrder
      value: 5
      objectReference: {fileID: 0}
    m_RemovedComponents: []
  m_ParentPrefab: {fileID: 100100000, guid: 147226c194e8f2e4881a090a2d561071, type: 2}
  m_IsPrefabParent: 0
--- !u!1001 &648538522
Prefab:
  m_ObjectHideFlags: 0
  serializedVersion: 2
  m_Modification:
    m_TransformParent: {fileID: 0}
    m_Modifications:
    - target: {fileID: 400000, guid: 001f7fbc956516f43b3efb33920761e2, type: 2}
      propertyPath: m_LocalPosition.x
      value: -2.78999996
      objectReference: {fileID: 0}
    - target: {fileID: 400000, guid: 001f7fbc956516f43b3efb33920761e2, type: 2}
      propertyPath: m_LocalPosition.y
      value: 1.03999996
      objectReference: {fileID: 0}
    - target: {fileID: 400000, guid: 001f7fbc956516f43b3efb33920761e2, type: 2}
      propertyPath: m_LocalPosition.z
      value: 0
      objectReference: {fileID: 0}
    - target: {fileID: 400000, guid: 001f7fbc956516f43b3efb33920761e2, type: 2}
      propertyPath: m_LocalRotation.x
      value: 0
      objectReference: {fileID: 0}
    - target: {fileID: 400000, guid: 001f7fbc956516f43b3efb33920761e2, type: 2}
      propertyPath: m_LocalRotation.y
      value: 0
      objectReference: {fileID: 0}
    - target: {fileID: 400000, guid: 001f7fbc956516f43b3efb33920761e2, type: 2}
      propertyPath: m_LocalRotation.z
      value: 0
      objectReference: {fileID: 0}
    - target: {fileID: 400000, guid: 001f7fbc956516f43b3efb33920761e2, type: 2}
      propertyPath: m_LocalRotation.w
      value: 1
      objectReference: {fileID: 0}
    - target: {fileID: 100000, guid: 001f7fbc956516f43b3efb33920761e2, type: 2}
      propertyPath: m_Name
      value: Ball
      objectReference: {fileID: 0}
    - target: {fileID: 5000000, guid: 001f7fbc956516f43b3efb33920761e2, type: 2}
      propertyPath: m_IsKinematic
      value: 0
      objectReference: {fileID: 0}
    - target: {fileID: 11400002, guid: 001f7fbc956516f43b3efb33920761e2, type: 2}
      propertyPath: checkLevelComplete
      value: '"Level15"'
      objectReference: {fileID: 0}
    - target: {fileID: 11400002, guid: 001f7fbc956516f43b3efb33920761e2, type: 2}
      propertyPath: icon
      value: 
      objectReference: {fileID: 2800000, guid: fe1fe83dbcca5f74480faa8007d506cf, type: 3}
    - target: {fileID: 11400002, guid: 001f7fbc956516f43b3efb33920761e2, type: 2}
      propertyPath: buttonSkin
      value: 
      objectReference: {fileID: 11400000, guid: 33a41857273694e4fa5836503c75ed97,
        type: 2}
    - target: {fileID: 11400002, guid: 001f7fbc956516f43b3efb33920761e2, type: 2}
      propertyPath: currentScene
      value: scene15
      objectReference: {fileID: 0}
    - target: {fileID: 11400002, guid: 001f7fbc956516f43b3efb33920761e2, type: 2}
      propertyPath: nextScene
      value: scene16
      objectReference: {fileID: 0}
    - target: {fileID: 11400002, guid: 001f7fbc956516f43b3efb33920761e2, type: 2}
      propertyPath: power
      value: 500
      objectReference: {fileID: 0}
    - target: {fileID: 11400002, guid: 001f7fbc956516f43b3efb33920761e2, type: 2}
      propertyPath: starSkin
      value: 
      objectReference: {fileID: 11400000, guid: 3b2bcc960b6f3a540a933b402cc088da,
        type: 2}
    - target: {fileID: 11400002, guid: 001f7fbc956516f43b3efb33920761e2, type: 2}
      propertyPath: starEmptySkin
      value: 
      objectReference: {fileID: 11400000, guid: 0ad900857eac4a244b152809018a0c15,
        type: 2}
    - target: {fileID: 11400002, guid: 001f7fbc956516f43b3efb33920761e2, type: 2}
      propertyPath: limit1
      value: 30
      objectReference: {fileID: 0}
    - target: {fileID: 11400002, guid: 001f7fbc956516f43b3efb33920761e2, type: 2}
      propertyPath: limit2
      value: 35
      objectReference: {fileID: 0}
    - target: {fileID: 11400002, guid: 001f7fbc956516f43b3efb33920761e2, type: 2}
      propertyPath: limit3
      value: 40
      objectReference: {fileID: 0}
    - target: {fileID: 11400002, guid: 001f7fbc956516f43b3efb33920761e2, type: 2}
      propertyPath: done0Star
      value: 
      objectReference: {fileID: 11400000, guid: 8ee9131bcdb05334888c82a6627fec48,
        type: 2}
    - target: {fileID: 11400002, guid: 001f7fbc956516f43b3efb33920761e2, type: 2}
      propertyPath: done1Star
      value: 
      objectReference: {fileID: 11400000, guid: 04566490554561244a30246b245451d4,
        type: 2}
    - target: {fileID: 11400002, guid: 001f7fbc956516f43b3efb33920761e2, type: 2}
      propertyPath: done2Star
      value: 
      objectReference: {fileID: 11400000, guid: 765f68f43f773b84095e02ed30f3970d,
        type: 2}
    - target: {fileID: 11400002, guid: 001f7fbc956516f43b3efb33920761e2, type: 2}
      propertyPath: done3Star
      value: 
      objectReference: {fileID: 11400000, guid: d13907f29432aa042bad43a5fc934110,
        type: 2}
    - target: {fileID: 400000, guid: 001f7fbc956516f43b3efb33920761e2, type: 2}
      propertyPath: m_RootOrder
      value: 1
      objectReference: {fileID: 0}
    - target: {fileID: 11400002, guid: 001f7fbc956516f43b3efb33920761e2, type: 2}
      propertyPath: PanelLevelCompleted
      value: 
      objectReference: {fileID: 1746432658}
    - target: {fileID: 11400002, guid: 001f7fbc956516f43b3efb33920761e2, type: 2}
      propertyPath: LevelComplitedStars
      value: 
      objectReference: {fileID: 832537587}
    - target: {fileID: 11400002, guid: 001f7fbc956516f43b3efb33920761e2, type: 2}
      propertyPath: GameStars
      value: 
      objectReference: {fileID: 1597633086}
    - target: {fileID: 8200000, guid: 001f7fbc956516f43b3efb33920761e2, type: 2}
      propertyPath: panLevelCustomCurve.m_Curve.Array.data[0].value
      value: 0
      objectReference: {fileID: 0}
    - target: {fileID: 11400000, guid: 001f7fbc956516f43b3efb33920761e2, type: 2}
      propertyPath: bounceMain
      value: 
      objectReference: {fileID: 8300000, guid: 494720419f5671848bc249f80d08449b, type: 3}
    - target: {fileID: 11400000, guid: 001f7fbc956516f43b3efb33920761e2, type: 2}
      propertyPath: bounce2
      value: 
      objectReference: {fileID: 8300000, guid: 7b9c0b733885b40438897f86d2cb14fb, type: 3}
    - target: {fileID: 11400000, guid: 001f7fbc956516f43b3efb33920761e2, type: 2}
      propertyPath: bounce3
      value: 
      objectReference: {fileID: 8300000, guid: 1afaf7e9d0f06f64c8d4bfdf5be9c3f4, type: 3}
    - target: {fileID: 11400000, guid: 001f7fbc956516f43b3efb33920761e2, type: 2}
      propertyPath: bounceFinish
      value: 
      objectReference: {fileID: 8300000, guid: c6a7e9b8d76deac4dbcdad2e40f01275, type: 3}
    - target: {fileID: 11400002, guid: 001f7fbc956516f43b3efb33920761e2, type: 2}
      propertyPath: isLevelWithAD
      value: 1
      objectReference: {fileID: 0}
    m_RemovedComponents: []
  m_ParentPrefab: {fileID: 100100000, guid: 001f7fbc956516f43b3efb33920761e2, type: 2}
  m_IsPrefabParent: 0
--- !u!114 &678808598 stripped
MonoBehaviour:
  m_PrefabParentObject: {fileID: 11464954, guid: 7b6dd59991dce534b9f494ce875b4063,
    type: 2}
  m_PrefabInternal: {fileID: 82059633}
  m_Script: {fileID: 11500000, guid: 4e8aa84a89e69ef408557eea3fb0733d, type: 3}
--- !u!1001 &721733493
Prefab:
  m_ObjectHideFlags: 0
  serializedVersion: 2
  m_Modification:
    m_TransformParent: {fileID: 0}
    m_Modifications:
    - target: {fileID: 404624, guid: 5127c9a8ef75d46448c5a7e97b5da739, type: 2}
      propertyPath: m_LocalPosition.x
      value: -4.30000019
      objectReference: {fileID: 0}
    - target: {fileID: 404624, guid: 5127c9a8ef75d46448c5a7e97b5da739, type: 2}
      propertyPath: m_LocalPosition.y
      value: 1.13999999
      objectReference: {fileID: 0}
    - target: {fileID: 404624, guid: 5127c9a8ef75d46448c5a7e97b5da739, type: 2}
      propertyPath: m_LocalPosition.z
      value: 0
      objectReference: {fileID: 0}
    - target: {fileID: 404624, guid: 5127c9a8ef75d46448c5a7e97b5da739, type: 2}
      propertyPath: m_LocalRotation.x
      value: 0
      objectReference: {fileID: 0}
    - target: {fileID: 404624, guid: 5127c9a8ef75d46448c5a7e97b5da739, type: 2}
      propertyPath: m_LocalRotation.y
      value: 0
      objectReference: {fileID: 0}
    - target: {fileID: 404624, guid: 5127c9a8ef75d46448c5a7e97b5da739, type: 2}
      propertyPath: m_LocalRotation.z
      value: 0
      objectReference: {fileID: 0}
    - target: {fileID: 404624, guid: 5127c9a8ef75d46448c5a7e97b5da739, type: 2}
      propertyPath: m_LocalRotation.w
      value: 1
      objectReference: {fileID: 0}
    - target: {fileID: 404624, guid: 5127c9a8ef75d46448c5a7e97b5da739, type: 2}
      propertyPath: m_RootOrder
      value: 7
      objectReference: {fileID: 0}
    m_RemovedComponents: []
  m_ParentPrefab: {fileID: 100100000, guid: 5127c9a8ef75d46448c5a7e97b5da739, type: 2}
  m_IsPrefabParent: 0
--- !u!1001 &804991286
Prefab:
  m_ObjectHideFlags: 0
  serializedVersion: 2
  m_Modification:
    m_TransformParent: {fileID: 0}
    m_Modifications:
    - target: {fileID: 22495554, guid: 1ed1379a051a63f4091e0e0c9db32b2b, type: 2}
      propertyPath: m_LocalPosition.x
      value: 0
      objectReference: {fileID: 0}
    - target: {fileID: 22495554, guid: 1ed1379a051a63f4091e0e0c9db32b2b, type: 2}
      propertyPath: m_LocalPosition.y
      value: 0
      objectReference: {fileID: 0}
    - target: {fileID: 22495554, guid: 1ed1379a051a63f4091e0e0c9db32b2b, type: 2}
      propertyPath: m_LocalPosition.z
      value: 0
      objectReference: {fileID: 0}
    - target: {fileID: 22495554, guid: 1ed1379a051a63f4091e0e0c9db32b2b, type: 2}
      propertyPath: m_LocalRotation.x
      value: 0
      objectReference: {fileID: 0}
    - target: {fileID: 22495554, guid: 1ed1379a051a63f4091e0e0c9db32b2b, type: 2}
      propertyPath: m_LocalRotation.y
      value: 0
      objectReference: {fileID: 0}
    - target: {fileID: 22495554, guid: 1ed1379a051a63f4091e0e0c9db32b2b, type: 2}
      propertyPath: m_LocalRotation.z
      value: 0
      objectReference: {fileID: 0}
    - target: {fileID: 22495554, guid: 1ed1379a051a63f4091e0e0c9db32b2b, type: 2}
      propertyPath: m_LocalRotation.w
      value: 1
      objectReference: {fileID: 0}
    - target: {fileID: 22495554, guid: 1ed1379a051a63f4091e0e0c9db32b2b, type: 2}
      propertyPath: m_RootOrder
      value: 12
      objectReference: {fileID: 0}
    - target: {fileID: 22495554, guid: 1ed1379a051a63f4091e0e0c9db32b2b, type: 2}
      propertyPath: m_AnchoredPosition.x
      value: 0
      objectReference: {fileID: 0}
    - target: {fileID: 22495554, guid: 1ed1379a051a63f4091e0e0c9db32b2b, type: 2}
      propertyPath: m_AnchoredPosition.y
      value: 0
      objectReference: {fileID: 0}
    - target: {fileID: 22495554, guid: 1ed1379a051a63f4091e0e0c9db32b2b, type: 2}
      propertyPath: m_SizeDelta.x
      value: 0
      objectReference: {fileID: 0}
    - target: {fileID: 22495554, guid: 1ed1379a051a63f4091e0e0c9db32b2b, type: 2}
      propertyPath: m_SizeDelta.y
      value: 0
      objectReference: {fileID: 0}
    - target: {fileID: 22495554, guid: 1ed1379a051a63f4091e0e0c9db32b2b, type: 2}
      propertyPath: m_AnchorMin.x
      value: 0
      objectReference: {fileID: 0}
    - target: {fileID: 22495554, guid: 1ed1379a051a63f4091e0e0c9db32b2b, type: 2}
      propertyPath: m_AnchorMin.y
      value: 0
      objectReference: {fileID: 0}
    - target: {fileID: 22495554, guid: 1ed1379a051a63f4091e0e0c9db32b2b, type: 2}
      propertyPath: m_AnchorMax.x
      value: 0
      objectReference: {fileID: 0}
    - target: {fileID: 22495554, guid: 1ed1379a051a63f4091e0e0c9db32b2b, type: 2}
      propertyPath: m_AnchorMax.y
      value: 0
      objectReference: {fileID: 0}
    - target: {fileID: 22495554, guid: 1ed1379a051a63f4091e0e0c9db32b2b, type: 2}
      propertyPath: m_Pivot.x
      value: 0
      objectReference: {fileID: 0}
    - target: {fileID: 22495554, guid: 1ed1379a051a63f4091e0e0c9db32b2b, type: 2}
      propertyPath: m_Pivot.y
      value: 0
      objectReference: {fileID: 0}
    - target: {fileID: 11422092, guid: 1ed1379a051a63f4091e0e0c9db32b2b, type: 2}
      propertyPath: m_OnClick.m_PersistentCalls.m_Calls.Array.data[0].m_Target
      value: 
      objectReference: {fileID: 11464954, guid: 7b6dd59991dce534b9f494ce875b4063,
        type: 2}
    - target: {fileID: 11422092, guid: 1ed1379a051a63f4091e0e0c9db32b2b, type: 2}
      propertyPath: m_OnClick.m_PersistentCalls.m_Calls.Array.data[0].m_MethodName
      value: Gravity3Obj1Rot
      objectReference: {fileID: 0}
    - target: {fileID: 11480102, guid: 1ed1379a051a63f4091e0e0c9db32b2b, type: 2}
      propertyPath: m_OnClick.m_PersistentCalls.m_Calls.Array.data[0].m_Target
      value: 
      objectReference: {fileID: 11464954, guid: 7b6dd59991dce534b9f494ce875b4063,
        type: 2}
    - target: {fileID: 11480102, guid: 1ed1379a051a63f4091e0e0c9db32b2b, type: 2}
      propertyPath: m_OnClick.m_PersistentCalls.m_Calls.Array.data[0].m_MethodName
      value: Fix3Obj1Rot
      objectReference: {fileID: 0}
    - target: {fileID: 11417484, guid: 1ed1379a051a63f4091e0e0c9db32b2b, type: 2}
      propertyPath: m_OnClick.m_PersistentCalls.m_Calls.Array.data[0].m_Target
      value: 
      objectReference: {fileID: 678808598}
    - target: {fileID: 11417484, guid: 1ed1379a051a63f4091e0e0c9db32b2b, type: 2}
      propertyPath: m_OnClick.m_PersistentCalls.m_Calls.Array.data[0].m_MethodName
      value: PauseToMenu
      objectReference: {fileID: 0}
    - target: {fileID: 11446546, guid: 1ed1379a051a63f4091e0e0c9db32b2b, type: 2}
      propertyPath: m_OnClick.m_PersistentCalls.m_Calls.Array.data[0].m_Target
      value: 
      objectReference: {fileID: 678808598}
    - target: {fileID: 11446546, guid: 1ed1379a051a63f4091e0e0c9db32b2b, type: 2}
      propertyPath: m_OnClick.m_PersistentCalls.m_Calls.Array.data[0].m_MethodName
      value: PauseToReloadAdmob
      objectReference: {fileID: 0}
    - target: {fileID: 11456016, guid: 1ed1379a051a63f4091e0e0c9db32b2b, type: 2}
      propertyPath: m_OnClick.m_PersistentCalls.m_Calls.Array.data[0].m_Target
      value: 
      objectReference: {fileID: 678808598}
    - target: {fileID: 11456016, guid: 1ed1379a051a63f4091e0e0c9db32b2b, type: 2}
      propertyPath: m_OnClick.m_PersistentCalls.m_Calls.Array.data[0].m_MethodName
      value: HideAdditionMenu
      objectReference: {fileID: 0}
    - target: {fileID: 11456016, guid: 1ed1379a051a63f4091e0e0c9db32b2b, type: 2}
      propertyPath: m_OnClick.m_PersistentCalls.m_Calls.Array.data[1].m_Target
      value: 
      objectReference: {fileID: 678808598}
    - target: {fileID: 11456016, guid: 1ed1379a051a63f4091e0e0c9db32b2b, type: 2}
      propertyPath: m_OnClick.m_PersistentCalls.m_Calls.Array.data[1].m_MethodName
      value: PauseToReturn
      objectReference: {fileID: 0}
    - target: {fileID: 11438588, guid: 1ed1379a051a63f4091e0e0c9db32b2b, type: 2}
      propertyPath: m_OnClick.m_PersistentCalls.m_Calls.Array.data[0].m_Target
      value: 
      objectReference: {fileID: 678808598}
    - target: {fileID: 11438588, guid: 1ed1379a051a63f4091e0e0c9db32b2b, type: 2}
      propertyPath: m_OnClick.m_PersistentCalls.m_Calls.Array.data[0].m_MethodName
      value: PauseToMenu
      objectReference: {fileID: 0}
    - target: {fileID: 11488152, guid: 1ed1379a051a63f4091e0e0c9db32b2b, type: 2}
      propertyPath: m_OnClick.m_PersistentCalls.m_Calls.Array.data[0].m_Target
      value: 
      objectReference: {fileID: 678808598}
    - target: {fileID: 11488152, guid: 1ed1379a051a63f4091e0e0c9db32b2b, type: 2}
      propertyPath: m_OnClick.m_PersistentCalls.m_Calls.Array.data[0].m_MethodName
      value: PauseToReloadAdmob
      objectReference: {fileID: 0}
    - target: {fileID: 11439482, guid: 1ed1379a051a63f4091e0e0c9db32b2b, type: 2}
      propertyPath: m_OnClick.m_PersistentCalls.m_Calls.Array.data[0].m_Target
      value: 
      objectReference: {fileID: 678808598}
    - target: {fileID: 11439482, guid: 1ed1379a051a63f4091e0e0c9db32b2b, type: 2}
      propertyPath: m_OnClick.m_PersistentCalls.m_Calls.Array.data[0].m_MethodName
      value: Admob
      objectReference: {fileID: 0}
    - target: {fileID: 11439482, guid: 1ed1379a051a63f4091e0e0c9db32b2b, type: 2}
      propertyPath: m_OnClick.m_PersistentCalls.m_Calls.Array.data[0].m_Arguments.m_StringArgument
      value: scene16
      objectReference: {fileID: 0}
    - target: {fileID: 11444810, guid: 1ed1379a051a63f4091e0e0c9db32b2b, type: 2}
      propertyPath: m_OnClick.m_PersistentCalls.m_Calls.Array.data[0].m_Target
      value: 
      objectReference: {fileID: 678808598}
    - target: {fileID: 11444810, guid: 1ed1379a051a63f4091e0e0c9db32b2b, type: 2}
      propertyPath: m_OnClick.m_PersistentCalls.m_Calls.Array.data[0].m_MethodName
      value: FacebookShare
      objectReference: {fileID: 0}
    - target: {fileID: 11488024, guid: 1ed1379a051a63f4091e0e0c9db32b2b, type: 2}
      propertyPath: m_OnClick.m_PersistentCalls.m_Calls.Array.data[0].m_Target
      value: 
      objectReference: {fileID: 678808598}
    - target: {fileID: 11488024, guid: 1ed1379a051a63f4091e0e0c9db32b2b, type: 2}
      propertyPath: m_OnClick.m_PersistentCalls.m_Calls.Array.data[0].m_MethodName
      value: TwitterShare
      objectReference: {fileID: 0}
    - target: {fileID: 11422092, guid: 1ed1379a051a63f4091e0e0c9db32b2b, type: 2}
      propertyPath: m_OnClick.m_PersistentCalls.m_Calls.Array.data[1].m_Target
      value: 
      objectReference: {fileID: 678808598}
    - target: {fileID: 11422092, guid: 1ed1379a051a63f4091e0e0c9db32b2b, type: 2}
      propertyPath: m_OnClick.m_PersistentCalls.m_Calls.Array.data[1].m_MethodName
      value: GravitySound
      objectReference: {fileID: 0}
    - target: {fileID: 11439482, guid: 1ed1379a051a63f4091e0e0c9db32b2b, type: 2}
      propertyPath: m_OnClick.m_PersistentCalls.m_Calls.Array.data[0].m_Mode
      value: 1
      objectReference: {fileID: 0}
    - target: {fileID: 11458114, guid: 1ed1379a051a63f4091e0e0c9db32b2b, type: 2}
      propertyPath: m_OnClick.m_PersistentCalls.m_Calls.Array.data[0].m_Target
      value: 
      objectReference: {fileID: 678808598}
    - target: {fileID: 11458114, guid: 1ed1379a051a63f4091e0e0c9db32b2b, type: 2}
      propertyPath: m_OnClick.m_PersistentCalls.m_Calls.Array.data[0].m_MethodName
      value: Pause
      objectReference: {fileID: 0}
    m_RemovedComponents: []
  m_ParentPrefab: {fileID: 100100000, guid: 1ed1379a051a63f4091e0e0c9db32b2b, type: 2}
  m_IsPrefabParent: 0
--- !u!1 &832537587 stripped
GameObject:
  m_PrefabParentObject: {fileID: 113810, guid: 1ed1379a051a63f4091e0e0c9db32b2b, type: 2}
  m_PrefabInternal: {fileID: 804991286}
--- !u!1001 &849323398
Prefab:
  m_ObjectHideFlags: 0
  serializedVersion: 2
  m_Modification:
    m_TransformParent: {fileID: 0}
    m_Modifications:
    - target: {fileID: 425614, guid: 29501cef4e70800469319d434244de90, type: 2}
      propertyPath: m_LocalPosition.x
      value: -.579999983
      objectReference: {fileID: 0}
    - target: {fileID: 425614, guid: 29501cef4e70800469319d434244de90, type: 2}
      propertyPath: m_LocalPosition.y
      value: -.680000007
      objectReference: {fileID: 0}
    - target: {fileID: 425614, guid: 29501cef4e70800469319d434244de90, type: 2}
      propertyPath: m_LocalPosition.z
      value: 0
      objectReference: {fileID: 0}
    - target: {fileID: 425614, guid: 29501cef4e70800469319d434244de90, type: 2}
      propertyPath: m_LocalRotation.x
      value: 0
      objectReference: {fileID: 0}
    - target: {fileID: 425614, guid: 29501cef4e70800469319d434244de90, type: 2}
      propertyPath: m_LocalRotation.y
      value: 0
      objectReference: {fileID: 0}
    - target: {fileID: 425614, guid: 29501cef4e70800469319d434244de90, type: 2}
      propertyPath: m_LocalRotation.z
      value: 0
      objectReference: {fileID: 0}
    - target: {fileID: 425614, guid: 29501cef4e70800469319d434244de90, type: 2}
      propertyPath: m_LocalRotation.w
      value: 1
      objectReference: {fileID: 0}
    - target: {fileID: 425614, guid: 29501cef4e70800469319d434244de90, type: 2}
      propertyPath: m_RootOrder
      value: 8
      objectReference: {fileID: 0}
    - target: {fileID: 21279174, guid: 29501cef4e70800469319d434244de90, type: 2}
      propertyPath: m_Sprite
      value: 
      objectReference: {fileID: 21300000, guid: 5e189e5edc75511449aef5979641b00e,
        type: 3}
    - target: {fileID: 6168744, guid: 29501cef4e70800469319d434244de90, type: 2}
      propertyPath: m_Size.x
      value: 1.08000004
      objectReference: {fileID: 0}
    - target: {fileID: 6168744, guid: 29501cef4e70800469319d434244de90, type: 2}
      propertyPath: m_Offset.x
      value: -.0900000036
      objectReference: {fileID: 0}
    - target: {fileID: 21279174, guid: 29501cef4e70800469319d434244de90, type: 2}
      propertyPath: m_Color.r
      value: 1
      objectReference: {fileID: 0}
    - target: {fileID: 21279174, guid: 29501cef4e70800469319d434244de90, type: 2}
      propertyPath: m_Color.g
      value: 1
      objectReference: {fileID: 0}
    - target: {fileID: 21279174, guid: 29501cef4e70800469319d434244de90, type: 2}
      propertyPath: m_Color.b
      value: 1
      objectReference: {fileID: 0}
    - target: {fileID: 21279174, guid: 29501cef4e70800469319d434244de90, type: 2}
      propertyPath: m_Color.a
      value: 1
      objectReference: {fileID: 0}
    m_RemovedComponents: []
  m_ParentPrefab: {fileID: 100100000, guid: 29501cef4e70800469319d434244de90, type: 2}
  m_IsPrefabParent: 0
--- !u!1001 &1153559060
Prefab:
  m_ObjectHideFlags: 0
  serializedVersion: 2
  m_Modification:
    m_TransformParent: {fileID: 0}
    m_Modifications:
    - target: {fileID: 421704, guid: 5a60dcf1339452244976c574dca080ee, type: 2}
      propertyPath: m_LocalPosition.x
      value: -.64514643
      objectReference: {fileID: 0}
    - target: {fileID: 421704, guid: 5a60dcf1339452244976c574dca080ee, type: 2}
      propertyPath: m_LocalPosition.y
      value: -1.74960268
      objectReference: {fileID: 0}
    - target: {fileID: 421704, guid: 5a60dcf1339452244976c574dca080ee, type: 2}
      propertyPath: m_LocalPosition.z
      value: -1.87018108
      objectReference: {fileID: 0}
    - target: {fileID: 421704, guid: 5a60dcf1339452244976c574dca080ee, type: 2}
      propertyPath: m_LocalRotation.x
      value: 0
      objectReference: {fileID: 0}
    - target: {fileID: 421704, guid: 5a60dcf1339452244976c574dca080ee, type: 2}
      propertyPath: m_LocalRotation.y
      value: 0
      objectReference: {fileID: 0}
    - target: {fileID: 421704, guid: 5a60dcf1339452244976c574dca080ee, type: 2}
      propertyPath: m_LocalRotation.z
      value: 0
      objectReference: {fileID: 0}
    - target: {fileID: 421704, guid: 5a60dcf1339452244976c574dca080ee, type: 2}
      propertyPath: m_LocalRotation.w
      value: 1
      objectReference: {fileID: 0}
    - target: {fileID: 421704, guid: 5a60dcf1339452244976c574dca080ee, type: 2}
      propertyPath: m_RootOrder
      value: 14
      objectReference: {fileID: 0}
    - target: {fileID: 11418078, guid: 5a60dcf1339452244976c574dca080ee, type: 2}
      propertyPath: mainCamera
      value: 
      objectReference: {fileID: 1966791437}
    - target: {fileID: 11418078, guid: 5a60dcf1339452244976c574dca080ee, type: 2}
      propertyPath: backgroundImage
      value: 
      objectReference: {fileID: 1876333684}
    - target: {fileID: 11418078, guid: 5a60dcf1339452244976c574dca080ee, type: 2}
      propertyPath: ipadSpite
      value: 
      objectReference: {fileID: 21300000, guid: 33de21b0a420472479a1278d9f049f1e,
        type: 3}
    m_RemovedComponents: []
  m_ParentPrefab: {fileID: 100100000, guid: 5a60dcf1339452244976c574dca080ee, type: 2}
  m_IsPrefabParent: 0
--- !u!1001 &1153854388
Prefab:
  m_ObjectHideFlags: 0
  serializedVersion: 2
  m_Modification:
    m_TransformParent: {fileID: 0}
    m_Modifications:
    - target: {fileID: 433696, guid: 4438b3e21761909419956583a506b292, type: 2}
      propertyPath: m_LocalPosition.x
      value: 0
      objectReference: {fileID: 0}
    - target: {fileID: 433696, guid: 4438b3e21761909419956583a506b292, type: 2}
      propertyPath: m_LocalPosition.y
      value: 0
      objectReference: {fileID: 0}
    - target: {fileID: 433696, guid: 4438b3e21761909419956583a506b292, type: 2}
      propertyPath: m_LocalPosition.z
      value: 0
      objectReference: {fileID: 0}
    - target: {fileID: 433696, guid: 4438b3e21761909419956583a506b292, type: 2}
      propertyPath: m_LocalRotation.x
      value: 0
      objectReference: {fileID: 0}
    - target: {fileID: 433696, guid: 4438b3e21761909419956583a506b292, type: 2}
      propertyPath: m_LocalRotation.y
      value: 0
      objectReference: {fileID: 0}
    - target: {fileID: 433696, guid: 4438b3e21761909419956583a506b292, type: 2}
      propertyPath: m_LocalRotation.z
      value: 0
      objectReference: {fileID: 0}
    - target: {fileID: 433696, guid: 4438b3e21761909419956583a506b292, type: 2}
      propertyPath: m_LocalRotation.w
      value: 1
      objectReference: {fileID: 0}
    - target: {fileID: 433696, guid: 4438b3e21761909419956583a506b292, type: 2}
      propertyPath: m_RootOrder
      value: 13
      objectReference: {fileID: 0}
    m_RemovedComponents: []
  m_ParentPrefab: {fileID: 100100000, guid: 4438b3e21761909419956583a506b292, type: 2}
  m_IsPrefabParent: 0
--- !u!1001 &1501899284
Prefab:
  m_ObjectHideFlags: 0
  serializedVersion: 2
  m_Modification:
    m_TransformParent: {fileID: 0}
    m_Modifications:
    - target: {fileID: 424034, guid: 57fc44b125accd84389b899e0af4fe83, type: 2}
      propertyPath: m_LocalPosition.x
      value: 0
      objectReference: {fileID: 0}
    - target: {fileID: 424034, guid: 57fc44b125accd84389b899e0af4fe83, type: 2}
      propertyPath: m_LocalPosition.y
      value: 0
      objectReference: {fileID: 0}
    - target: {fileID: 424034, guid: 57fc44b125accd84389b899e0af4fe83, type: 2}
      propertyPath: m_LocalPosition.z
      value: 0
      objectReference: {fileID: 0}
    - target: {fileID: 424034, guid: 57fc44b125accd84389b899e0af4fe83, type: 2}
      propertyPath: m_LocalRotation.x
      value: 0
      objectReference: {fileID: 0}
    - target: {fileID: 424034, guid: 57fc44b125accd84389b899e0af4fe83, type: 2}
      propertyPath: m_LocalRotation.y
      value: 0
      objectReference: {fileID: 0}
    - target: {fileID: 424034, guid: 57fc44b125accd84389b899e0af4fe83, type: 2}
      propertyPath: m_LocalRotation.z
      value: 0
      objectReference: {fileID: 0}
    - target: {fileID: 424034, guid: 57fc44b125accd84389b899e0af4fe83, type: 2}
      propertyPath: m_LocalRotation.w
      value: 1
      objectReference: {fileID: 0}
    - target: {fileID: 424034, guid: 57fc44b125accd84389b899e0af4fe83, type: 2}
      propertyPath: m_RootOrder
      value: 10
      objectReference: {fileID: 0}
    m_RemovedComponents: []
  m_ParentPrefab: {fileID: 100100000, guid: 57fc44b125accd84389b899e0af4fe83, type: 2}
  m_IsPrefabParent: 0
--- !u!1 &1551496894 stripped
GameObject:
  m_PrefabParentObject: {fileID: 141324, guid: 5127c9a8ef75d46448c5a7e97b5da739, type: 2}
  m_PrefabInternal: {fileID: 721733493}
--- !u!1 &1597633086 stripped
GameObject:
  m_PrefabParentObject: {fileID: 105020, guid: 1ed1379a051a63f4091e0e0c9db32b2b, type: 2}
  m_PrefabInternal: {fileID: 804991286}
--- !u!1001 &1652619524
Prefab:
  m_ObjectHideFlags: 0
  serializedVersion: 2
  m_Modification:
    m_TransformParent: {fileID: 0}
    m_Modifications:
    - target: {fileID: 404774, guid: 07053895fc481a04aa462b004edbb634, type: 2}
      propertyPath: m_LocalPosition.x
      value: 0
      objectReference: {fileID: 0}
    - target: {fileID: 404774, guid: 07053895fc481a04aa462b004edbb634, type: 2}
      propertyPath: m_LocalPosition.y
      value: 8.64000034
      objectReference: {fileID: 0}
    - target: {fileID: 404774, guid: 07053895fc481a04aa462b004edbb634, type: 2}
      propertyPath: m_LocalPosition.z
      value: -1.87
      objectReference: {fileID: 0}
    - target: {fileID: 404774, guid: 07053895fc481a04aa462b004edbb634, type: 2}
      propertyPath: m_LocalRotation.x
      value: 0
      objectReference: {fileID: 0}
    - target: {fileID: 404774, guid: 07053895fc481a04aa462b004edbb634, type: 2}
      propertyPath: m_LocalRotation.y
      value: 0
      objectReference: {fileID: 0}
    - target: {fileID: 404774, guid: 07053895fc481a04aa462b004edbb634, type: 2}
      propertyPath: m_LocalRotation.z
      value: 0
      objectReference: {fileID: 0}
    - target: {fileID: 404774, guid: 07053895fc481a04aa462b004edbb634, type: 2}
      propertyPath: m_LocalRotation.w
      value: 1
      objectReference: {fileID: 0}
    - target: {fileID: 404774, guid: 07053895fc481a04aa462b004edbb634, type: 2}
      propertyPath: m_RootOrder
      value: 15
      objectReference: {fileID: 0}
    - target: {fileID: 11415376, guid: 07053895fc481a04aa462b004edbb634, type: 2}
      propertyPath: nextSceneName
      value: scene16
      objectReference: {fileID: 0}
    m_RemovedComponents: []
  m_ParentPrefab: {fileID: 100100000, guid: 07053895fc481a04aa462b004edbb634, type: 2}
  m_IsPrefabParent: 0
--- !u!1 &1668085564 stripped
GameObject:
  m_PrefabParentObject: {fileID: 100000, guid: 001f7fbc956516f43b3efb33920761e2, type: 2}
  m_PrefabInternal: {fileID: 648538522}
--- !u!1 &1746432658 stripped
GameObject:
  m_PrefabParentObject: {fileID: 150444, guid: 1ed1379a051a63f4091e0e0c9db32b2b, type: 2}
  m_PrefabInternal: {fileID: 804991286}
--- !u!1001 &1792279749
Prefab:
  m_ObjectHideFlags: 0
  serializedVersion: 2
  m_Modification:
    m_TransformParent: {fileID: 0}
    m_Modifications:
    - target: {fileID: 473826, guid: 199dae3d17f94bf439e006ad8c152d28, type: 2}
      propertyPath: m_LocalPosition.x
      value: -.684393167
      objectReference: {fileID: 0}
    - target: {fileID: 473826, guid: 199dae3d17f94bf439e006ad8c152d28, type: 2}
      propertyPath: m_LocalPosition.y
      value: -1.45966554
      objectReference: {fileID: 0}
    - target: {fileID: 473826, guid: 199dae3d17f94bf439e006ad8c152d28, type: 2}
      propertyPath: m_LocalPosition.z
      value: 0
      objectReference: {fileID: 0}
    - target: {fileID: 473826, guid: 199dae3d17f94bf439e006ad8c152d28, type: 2}
      propertyPath: m_LocalRotation.x
      value: 0
      objectReference: {fileID: 0}
    - target: {fileID: 473826, guid: 199dae3d17f94bf439e006ad8c152d28, type: 2}
      propertyPath: m_LocalRotation.y
      value: 0
      objectReference: {fileID: 0}
    - target: {fileID: 473826, guid: 199dae3d17f94bf439e006ad8c152d28, type: 2}
      propertyPath: m_LocalRotation.z
      value: 0
      objectReference: {fileID: 0}
    - target: {fileID: 473826, guid: 199dae3d17f94bf439e006ad8c152d28, type: 2}
      propertyPath: m_LocalRotation.w
      value: 1
      objectReference: {fileID: 0}
    - target: {fileID: 473826, guid: 199dae3d17f94bf439e006ad8c152d28, type: 2}
      propertyPath: m_RootOrder
      value: 9
      objectReference: {fileID: 0}
    m_RemovedComponents: []
  m_ParentPrefab: {fileID: 100100000, guid: 199dae3d17f94bf439e006ad8c152d28, type: 2}
  m_IsPrefabParent: 0
--- !u!1001 &1823464282
Prefab:
  m_ObjectHideFlags: 0
  serializedVersion: 2
  m_Modification:
    m_TransformParent: {fileID: 0}
    m_Modifications:
    - target: {fileID: 423388, guid: 0f017ed09652eab4f910f5dc80148410, type: 2}
      propertyPath: m_LocalPosition.x
      value: 3.74000001
      objectReference: {fileID: 0}
    - target: {fileID: 423388, guid: 0f017ed09652eab4f910f5dc80148410, type: 2}
      propertyPath: m_LocalPosition.y
      value: -2.52699995
      objectReference: {fileID: 0}
    - target: {fileID: 423388, guid: 0f017ed09652eab4f910f5dc80148410, type: 2}
      propertyPath: m_LocalPosition.z
      value: 0
      objectReference: {fileID: 0}
    - target: {fileID: 423388, guid: 0f017ed09652eab4f910f5dc80148410, type: 2}
      propertyPath: m_LocalRotation.x
      value: 0
      objectReference: {fileID: 0}
    - target: {fileID: 423388, guid: 0f017ed09652eab4f910f5dc80148410, type: 2}
      propertyPath: m_LocalRotation.y
      value: 0
      objectReference: {fileID: 0}
    - target: {fileID: 423388, guid: 0f017ed09652eab4f910f5dc80148410, type: 2}
      propertyPath: m_LocalRotation.z
      value: 0
      objectReference: {fileID: 0}
    - target: {fileID: 423388, guid: 0f017ed09652eab4f910f5dc80148410, type: 2}
      propertyPath: m_LocalRotation.w
      value: 1
      objectReference: {fileID: 0}
    - target: {fileID: 423388, guid: 0f017ed09652eab4f910f5dc80148410, type: 2}
      propertyPath: m_RootOrder
      value: 6
      objectReference: {fileID: 0}
    m_RemovedComponents: []
  m_ParentPrefab: {fileID: 100100000, guid: 0f017ed09652eab4f910f5dc80148410, type: 2}
  m_IsPrefabParent: 0
--- !u!1001 &1840286825
Prefab:
  m_ObjectHideFlags: 0
  serializedVersion: 2
  m_Modification:
    m_TransformParent: {fileID: 0}
    m_Modifications:
    - target: {fileID: 461062, guid: 7566273aba1c6ac4d83358b60404feb9, type: 2}
      propertyPath: m_LocalPosition.x
      value: -6.46999979
      objectReference: {fileID: 0}
    - target: {fileID: 461062, guid: 7566273aba1c6ac4d83358b60404feb9, type: 2}
      propertyPath: m_LocalPosition.y
      value: -1.00999999
      objectReference: {fileID: 0}
    - target: {fileID: 461062, guid: 7566273aba1c6ac4d83358b60404feb9, type: 2}
      propertyPath: m_LocalPosition.z
      value: 0
      objectReference: {fileID: 0}
    - target: {fileID: 461062, guid: 7566273aba1c6ac4d83358b60404feb9, type: 2}
      propertyPath: m_LocalRotation.x
      value: 0
      objectReference: {fileID: 0}
    - target: {fileID: 461062, guid: 7566273aba1c6ac4d83358b60404feb9, type: 2}
      propertyPath: m_LocalRotation.y
      value: 0
      objectReference: {fileID: 0}
    - target: {fileID: 461062, guid: 7566273aba1c6ac4d83358b60404feb9, type: 2}
      propertyPath: m_LocalRotation.z
      value: 0
      objectReference: {fileID: 0}
    - target: {fileID: 461062, guid: 7566273aba1c6ac4d83358b60404feb9, type: 2}
      propertyPath: m_LocalRotation.w
      value: 1
      objectReference: {fileID: 0}
    - target: {fileID: 461062, guid: 7566273aba1c6ac4d83358b60404feb9, type: 2}
      propertyPath: m_RootOrder
      value: 4
      objectReference: {fileID: 0}
    m_RemovedComponents: []
  m_ParentPrefab: {fileID: 100100000, guid: 7566273aba1c6ac4d83358b60404feb9, type: 2}
  m_IsPrefabParent: 0
--- !u!1001 &1876333683
Prefab:
  m_ObjectHideFlags: 0
  serializedVersion: 2
  m_Modification:
    m_TransformParent: {fileID: 0}
    m_Modifications:
    - target: {fileID: 400000, guid: 48e5d23465fedb940a441e47383125bb, type: 2}
      propertyPath: m_LocalPosition.x
      value: 0
      objectReference: {fileID: 0}
    - target: {fileID: 400000, guid: 48e5d23465fedb940a441e47383125bb, type: 2}
      propertyPath: m_LocalPosition.y
      value: 0
      objectReference: {fileID: 0}
    - target: {fileID: 400000, guid: 48e5d23465fedb940a441e47383125bb, type: 2}
      propertyPath: m_LocalPosition.z
      value: 1
      objectReference: {fileID: 0}
    - target: {fileID: 400000, guid: 48e5d23465fedb940a441e47383125bb, type: 2}
      propertyPath: m_LocalRotation.x
      value: 0
      objectReference: {fileID: 0}
    - target: {fileID: 400000, guid: 48e5d23465fedb940a441e47383125bb, type: 2}
      propertyPath: m_LocalRotation.y
      value: 0
      objectReference: {fileID: 0}
    - target: {fileID: 400000, guid: 48e5d23465fedb940a441e47383125bb, type: 2}
      propertyPath: m_LocalRotation.z
      value: 0
      objectReference: {fileID: 0}
    - target: {fileID: 400000, guid: 48e5d23465fedb940a441e47383125bb, type: 2}
      propertyPath: m_LocalRotation.w
      value: 1
      objectReference: {fileID: 0}
    - target: {fileID: 400000, guid: 48e5d23465fedb940a441e47383125bb, type: 2}
      propertyPath: m_RootOrder
      value: 3
      objectReference: {fileID: 0}
    m_RemovedComponents: []
  m_ParentPrefab: {fileID: 100100000, guid: 48e5d23465fedb940a441e47383125bb, type: 2}
  m_IsPrefabParent: 0
--- !u!1 &1876333684 stripped
GameObject:
  m_PrefabParentObject: {fileID: 100000, guid: 48e5d23465fedb940a441e47383125bb, type: 2}
  m_PrefabInternal: {fileID: 1876333683}
--- !u!1 &1966791437 stripped
GameObject:
  m_PrefabParentObject: {fileID: 100000, guid: 676b68c0efda42a48b513a52a9d5342a, type: 2}
  m_PrefabInternal: {fileID: 315148814}
--- !u!114 &1966791443
MonoBehaviour:
  m_ObjectHideFlags: 0
  m_PrefabParentObject: {fileID: 0}
  m_PrefabInternal: {fileID: 0}
  m_GameObject: {fileID: 1966791437}
  m_Enabled: 1
  m_EditorHideFlags: 0
  m_Script: {fileID: 11500000, guid: 360adea7225cdfb48a0e840bbb363f85, type: 3}
  m_Name: 
  m_EditorClassIdentifier: 
  objectWithOtherScript3: {fileID: 1551496894}
  objectWithOtherScript4: {fileID: 1984276999}
  objectWithRotation1: {fileID: 2054523693}
--- !u!114 &1966791444
MonoBehaviour:
  m_ObjectHideFlags: 0
  m_PrefabParentObject: {fileID: 0}
  m_PrefabInternal: {fileID: 0}
  m_GameObject: {fileID: 1966791437}
  m_Enabled: 1
  m_EditorHideFlags: 0
  m_Script: {fileID: 11500000, guid: d63437081aa47b8489dd6d7214bfd6f3, type: 3}
  m_Name: 
  m_EditorClassIdentifier: 
  ball: {fileID: 1668085564}
  object1: {fileID: 2054523693}
  object2: {fileID: 1984276999}
  object4: {fileID: 1984276999}
  objectWithRotation1: {fileID: 2054523693}
  gravityScaleObj1: 1
  gravityScaleObj2: 1
  isGravity: 0
  isFix: 0
--- !u!1 &1984276999 stripped
GameObject:
  m_PrefabParentObject: {fileID: 143936, guid: 29501cef4e70800469319d434244de90, type: 2}
  m_PrefabInternal: {fileID: 849323398}
--- !u!95 &1984277000
Animator:
  serializedVersion: 3
  m_ObjectHideFlags: 0
  m_PrefabParentObject: {fileID: 0}
  m_PrefabInternal: {fileID: 0}
  m_GameObject: {fileID: 1984276999}
  m_Enabled: 1
  m_Avatar: {fileID: 0}
  m_Controller: {fileID: 9100000, guid: 48bf7647002cdf8419dd5be642487399, type: 2}
  m_CullingMode: 0
  m_UpdateMode: 0
  m_ApplyRootMotion: 0
  m_LinearVelocityBlending: 0
  m_WarningMessage: 
  m_HasTransformHierarchy: 1
  m_AllowConstantClipSamplingOptimization: 1
--- !u!1 &2054523693 stripped
GameObject:
  m_PrefabParentObject: {fileID: 195464, guid: 199dae3d17f94bf439e006ad8c152d28, type: 2}
  m_PrefabInternal: {fileID: 1792279749}
--- !u!1001 &2125063962
Prefab:
  m_ObjectHideFlags: 0
  serializedVersion: 2
  m_Modification:
    m_TransformParent: {fileID: 0}
    m_Modifications:
    - target: {fileID: 400000, guid: f62ac7c088327d44ea95ce13b9112fd2, type: 2}
      propertyPath: m_LocalPosition.x
      value: 1.20000005
      objectReference: {fileID: 0}
    - target: {fileID: 400000, guid: f62ac7c088327d44ea95ce13b9112fd2, type: 2}
      propertyPath: m_LocalPosition.y
      value: -3.05100012
      objectReference: {fileID: 0}
    - target: {fileID: 400000, guid: f62ac7c088327d44ea95ce13b9112fd2, type: 2}
      propertyPath: m_LocalPosition.z
      value: 0
      objectReference: {fileID: 0}
    - target: {fileID: 400000, guid: f62ac7c088327d44ea95ce13b9112fd2, type: 2}
      propertyPath: m_LocalRotation.x
      value: 0
      objectReference: {fileID: 0}
    - target: {fileID: 400000, guid: f62ac7c088327d44ea95ce13b9112fd2, type: 2}
      propertyPath: m_LocalRotation.y
      value: 0
      objectReference: {fileID: 0}
    - target: {fileID: 400000, guid: f62ac7c088327d44ea95ce13b9112fd2, type: 2}
      propertyPath: m_LocalRotation.z
      value: 0
      objectReference: {fileID: 0}
    - target: {fileID: 400000, guid: f62ac7c088327d44ea95ce13b9112fd2, type: 2}
      propertyPath: m_LocalRotation.w
      value: 1
      objectReference: {fileID: 0}
    - target: {fileID: 21200000, guid: f62ac7c088327d44ea95ce13b9112fd2, type: 2}
      propertyPath: m_Enabled
      value: 0
      objectReference: {fileID: 0}
    - target: {fileID: 400000, guid: f62ac7c088327d44ea95ce13b9112fd2, type: 2}
      propertyPath: m_RootOrder
      value: 2
      objectReference: {fileID: 0}
    m_RemovedComponents: []
  m_ParentPrefab: {fileID: 100100000, guid: f62ac7c088327d44ea95ce13b9112fd2, type: 2}
  m_IsPrefabParent: 0
--- !u!1 &2125063963 stripped
GameObject:
  m_PrefabParentObject: {fileID: 100000, guid: f62ac7c088327d44ea95ce13b9112fd2, type: 2}
  m_PrefabInternal: {fileID: 2125063962}
--- !u!114 &2125063964
MonoBehaviour:
  m_ObjectHideFlags: 0
  m_PrefabParentObject: {fileID: 0}
  m_PrefabInternal: {fileID: 0}
  m_GameObject: {fileID: 2125063963}
  m_Enabled: 1
  m_EditorHideFlags: 0
  m_Script: {fileID: 11500000, guid: 4e2cccd9ab6f5824e94ffd4dae694daa, type: 3}
  m_Name: 
  m_EditorClassIdentifier: 
  playTime: 0
  isPlayAllowed: 0
--- !u!82 &2125063965
AudioSource:
  m_ObjectHideFlags: 0
  m_PrefabParentObject: {fileID: 0}
  m_PrefabInternal: {fileID: 0}
  m_GameObject: {fileID: 2125063963}
  m_Enabled: 1
  serializedVersion: 4
  OutputAudioMixerGroup: {fileID: 0}
  m_audioClip: {fileID: 8300000, guid: 8885195e04c32694b8ae9e6c3567ad58, type: 3}
  m_PlayOnAwake: 0
  m_Volume: 1
  m_Pitch: 1
  Loop: 0
  Mute: 0
  Priority: 128
  DopplerLevel: 1
  MinDistance: 1
  MaxDistance: 500
  Pan2D: 0
  rolloffMode: 0
  BypassEffects: 0
  BypassListenerEffects: 0
  BypassReverbZones: 0
  rolloffCustomCurve:
    serializedVersion: 2
    m_Curve:
    - time: 0
      value: 1
      inSlope: 0
      outSlope: 0
      tangentMode: 0
    - time: 1
      value: 0
      inSlope: 0
      outSlope: 0
      tangentMode: 0
    m_PreInfinity: 2
    m_PostInfinity: 2
  panLevelCustomCurve:
    serializedVersion: 2
    m_Curve:
    - time: 0
      value: 1
      inSlope: 0
      outSlope: 0
      tangentMode: 0
    m_PreInfinity: 2
    m_PostInfinity: 2
  spreadCustomCurve:
    serializedVersion: 2
    m_Curve:
    - time: 0
      value: 0
      inSlope: 0
      outSlope: 0
      tangentMode: 0
    m_PreInfinity: 2
    m_PostInfinity: 2
  reverbZoneMixCustomCurve:
    serializedVersion: 2
    m_Curve:
    - time: 0
      value: 1
      inSlope: 0
      outSlope: 0
      tangentMode: 0
    m_PreInfinity: 2
    m_PostInfinity: 2
