%YAML 1.1
%TAG !u! tag:unity3d.com,2011:
--- !u!29 &1
SceneSettings:
  m_ObjectHideFlags: 0
  m_PVSData: 
  m_PVSObjectsArray: []
  m_PVSPortalsArray: []
  m_OcclusionBakeSettings:
    smallestOccluder: 5
    smallestHole: .25
    backfaceThreshold: 100
--- !u!104 &2
RenderSettings:
  m_ObjectHideFlags: 0
  serializedVersion: 6
  m_Fog: 0
  m_FogColor: {r: .5, g: .5, b: .5, a: 1}
  m_FogMode: 3
  m_FogDensity: .00999999978
  m_LinearFogStart: 0
  m_LinearFogEnd: 300
  m_AmbientSkyColor: {r: .200000003, g: .200000003, b: .200000003, a: 1}
  m_AmbientEquatorColor: {r: .200000003, g: .200000003, b: .200000003, a: 1}
  m_AmbientGroundColor: {r: .200000003, g: .200000003, b: .200000003, a: 1}
  m_AmbientIntensity: 1
  m_AmbientMode: 3
  m_SkyboxMaterial: {fileID: 0}
  m_HaloStrength: .5
  m_FlareStrength: 1
  m_FlareFadeSpeed: 3
  m_HaloTexture: {fileID: 0}
  m_SpotCookie: {fileID: 10001, guid: 0000000000000000e000000000000000, type: 0}
  m_DefaultReflectionMode: 0
  m_DefaultReflectionResolution: 128
  m_ReflectionBounces: 1
  m_ReflectionIntensity: 1
  m_CustomReflection: {fileID: 0}
  m_Sun: {fileID: 0}
--- !u!127 &3
LevelGameManager:
  m_ObjectHideFlags: 0
--- !u!157 &4
LightmapSettings:
  m_ObjectHideFlags: 0
  serializedVersion: 5
  m_GIWorkflowMode: 1
  m_LightmapsMode: 1
  m_GISettings:
    serializedVersion: 2
    m_BounceScale: 1
    m_IndirectOutputScale: 1
    m_AlbedoBoost: 1
    m_TemporalCoherenceThreshold: 1
    m_EnvironmentLightingMode: 0
    m_EnableBakedLightmaps: 1
    m_EnableRealtimeLightmaps: 0
  m_LightmapEditorSettings:
    serializedVersion: 3
    m_Resolution: 1
    m_BakeResolution: 50
    m_TextureWidth: 1024
    m_TextureHeight: 1024
    m_AOMaxDistance: 1
    m_Padding: 2
    m_CompAOExponent: 0
    m_LightmapParameters: {fileID: 0}
    m_TextureCompression: 0
    m_FinalGather: 0
    m_FinalGatherRayCount: 1024
  m_LightmapSnapshot: {fileID: 0}
  m_RuntimeCPUUsage: 25
--- !u!196 &5
NavMeshSettings:
  serializedVersion: 2
  m_ObjectHideFlags: 0
  m_BuildSettings:
    serializedVersion: 2
    agentRadius: .5
    agentHeight: 2
    agentSlope: 45
    agentClimb: .400000006
    ledgeDropHeight: 0
    maxJumpAcrossDistance: 0
    accuratePlacement: 0
    minRegionArea: 2
    cellSize: .166666657
    manualCellSize: 0
  m_NavMeshData: {fileID: 0}
--- !u!1 &165347142
GameObject:
  m_ObjectHideFlags: 0
  m_PrefabParentObject: {fileID: 0}
  m_PrefabInternal: {fileID: 0}
  serializedVersion: 4
  m_Component:
  - 224: {fileID: 165347143}
  - 222: {fileID: 165347145}
  - 114: {fileID: 165347144}
  m_Layer: 5
  m_Name: Tutorial2Panel2
  m_TagString: Untagged
  m_Icon: {fileID: 0}
  m_NavMeshLayer: 0
  m_StaticEditorFlags: 0
  m_IsActive: 1
--- !u!224 &165347143
RectTransform:
  m_ObjectHideFlags: 0
  m_PrefabParentObject: {fileID: 0}
  m_PrefabInternal: {fileID: 0}
  m_GameObject: {fileID: 165347142}
  m_LocalRotation: {x: 0, y: 0, z: 0, w: 1}
  m_LocalPosition: {x: 0, y: 0, z: 0}
  m_LocalScale: {x: 1, y: 1, z: 1}
  m_Children:
  - {fileID: 624079865}
  - {fileID: 1379430862}
  m_Father: {fileID: 201286071}
  m_RootOrder: 3
  m_AnchorMin: {x: .5, y: .5}
  m_AnchorMax: {x: .5, y: .5}
  m_AnchoredPosition: {x: 0, y: 1200}
  m_SizeDelta: {x: 635, y: 381}
  m_Pivot: {x: .5, y: .5}
--- !u!114 &165347144
MonoBehaviour:
  m_ObjectHideFlags: 0
  m_PrefabParentObject: {fileID: 0}
  m_PrefabInternal: {fileID: 0}
  m_GameObject: {fileID: 165347142}
  m_Enabled: 1
  m_EditorHideFlags: 0
  m_Script: {fileID: -765806418, guid: f5f67c52d1564df4a8936ccd202a3bd8, type: 3}
  m_Name: 
  m_EditorClassIdentifier: 
  m_Material: {fileID: 0}
  m_Color: {r: 1, g: 1, b: 1, a: 1}
  m_Sprite: {fileID: 21300000, guid: 636c3aa8cce5dfc44a09321e8689fffe, type: 3}
  m_Type: 0
  m_PreserveAspect: 0
  m_FillCenter: 1
  m_FillMethod: 4
  m_FillAmount: 1
  m_FillClockwise: 1
  m_FillOrigin: 0
--- !u!222 &165347145
CanvasRenderer:
  m_ObjectHideFlags: 0
  m_PrefabParentObject: {fileID: 0}
  m_PrefabInternal: {fileID: 0}
  m_GameObject: {fileID: 165347142}
--- !u!1 &201286070
GameObject:
  m_ObjectHideFlags: 0
  m_PrefabParentObject: {fileID: 0}
  m_PrefabInternal: {fileID: 0}
  serializedVersion: 4
  m_Component:
  - 224: {fileID: 201286071}
  - 223: {fileID: 201286074}
  - 114: {fileID: 201286073}
  - 114: {fileID: 201286072}
  m_Layer: 5
  m_Name: Canvas
  m_TagString: Untagged
  m_Icon: {fileID: 0}
  m_NavMeshLayer: 0
  m_StaticEditorFlags: 0
  m_IsActive: 1
--- !u!224 &201286071
RectTransform:
  m_ObjectHideFlags: 0
  m_PrefabParentObject: {fileID: 0}
  m_PrefabInternal: {fileID: 0}
  m_GameObject: {fileID: 201286070}
  m_LocalRotation: {x: 0, y: 0, z: 0, w: 1}
  m_LocalPosition: {x: 0, y: 0, z: 0}
  m_LocalScale: {x: 0, y: 0, z: 0}
  m_Children:
  - {fileID: 781590945}
  - {fileID: 1849160056}
  - {fileID: 370818742}
  - {fileID: 165347143}
  - {fileID: 651645538}
  m_Father: {fileID: 0}
  m_RootOrder: 9
  m_AnchorMin: {x: 0, y: 0}
  m_AnchorMax: {x: 0, y: 0}
  m_AnchoredPosition: {x: 0, y: 0}
  m_SizeDelta: {x: 0, y: 0}
  m_Pivot: {x: 0, y: 0}
--- !u!114 &201286072
MonoBehaviour:
  m_ObjectHideFlags: 0
  m_PrefabParentObject: {fileID: 0}
  m_PrefabInternal: {fileID: 0}
  m_GameObject: {fileID: 201286070}
  m_Enabled: 1
  m_EditorHideFlags: 0
  m_Script: {fileID: 1301386320, guid: f5f67c52d1564df4a8936ccd202a3bd8, type: 3}
  m_Name: 
  m_EditorClassIdentifier: 
  m_IgnoreReversedGraphics: 1
  m_BlockingObjects: 0
  m_BlockingMask:
    serializedVersion: 2
    m_Bits: 4294967295
--- !u!114 &201286073
MonoBehaviour:
  m_ObjectHideFlags: 0
  m_PrefabParentObject: {fileID: 0}
  m_PrefabInternal: {fileID: 0}
  m_GameObject: {fileID: 201286070}
  m_Enabled: 1
  m_EditorHideFlags: 0
  m_Script: {fileID: 1980459831, guid: f5f67c52d1564df4a8936ccd202a3bd8, type: 3}
  m_Name: 
  m_EditorClassIdentifier: 
  m_UiScaleMode: 1
  m_ReferencePixelsPerUnit: 100
  m_ScaleFactor: 1
  m_ReferenceResolution: {x: 1280, y: 720}
  m_ScreenMatchMode: 0
  m_MatchWidthOrHeight: 0
  m_PhysicalUnit: 3
  m_FallbackScreenDPI: 96
  m_DefaultSpriteDPI: 96
  m_DynamicPixelsPerUnit: 1
--- !u!223 &201286074
Canvas:
  m_ObjectHideFlags: 0
  m_PrefabParentObject: {fileID: 0}
  m_PrefabInternal: {fileID: 0}
  m_GameObject: {fileID: 201286070}
  m_Enabled: 1
  serializedVersion: 2
  m_RenderMode: 0
  m_Camera: {fileID: 0}
  m_PlaneDistance: 100
  m_PixelPerfect: 0
  m_ReceivesEvents: 1
  m_OverrideSorting: 0
  m_OverridePixelPerfect: 0
  m_SortingLayerID: 0
  m_SortingOrder: 0
--- !u!1001 &216526098
Prefab:
  m_ObjectHideFlags: 0
  serializedVersion: 2
  m_Modification:
    m_TransformParent: {fileID: 0}
    m_Modifications:
    - target: {fileID: 421704, guid: 5a60dcf1339452244976c574dca080ee, type: 2}
      propertyPath: m_LocalPosition.x
      value: -.64514643
      objectReference: {fileID: 0}
    - target: {fileID: 421704, guid: 5a60dcf1339452244976c574dca080ee, type: 2}
      propertyPath: m_LocalPosition.y
      value: -1.74960268
      objectReference: {fileID: 0}
    - target: {fileID: 421704, guid: 5a60dcf1339452244976c574dca080ee, type: 2}
      propertyPath: m_LocalPosition.z
      value: -1.87018108
      objectReference: {fileID: 0}
    - target: {fileID: 421704, guid: 5a60dcf1339452244976c574dca080ee, type: 2}
      propertyPath: m_LocalRotation.x
      value: 0
      objectReference: {fileID: 0}
    - target: {fileID: 421704, guid: 5a60dcf1339452244976c574dca080ee, type: 2}
      propertyPath: m_LocalRotation.y
      value: 0
      objectReference: {fileID: 0}
    - target: {fileID: 421704, guid: 5a60dcf1339452244976c574dca080ee, type: 2}
      propertyPath: m_LocalRotation.z
      value: 0
      objectReference: {fileID: 0}
    - target: {fileID: 421704, guid: 5a60dcf1339452244976c574dca080ee, type: 2}
      propertyPath: m_LocalRotation.w
      value: 1
      objectReference: {fileID: 0}
    - target: {fileID: 421704, guid: 5a60dcf1339452244976c574dca080ee, type: 2}
      propertyPath: m_RootOrder
      value: 13
      objectReference: {fileID: 0}
    - target: {fileID: 11418078, guid: 5a60dcf1339452244976c574dca080ee, type: 2}
      propertyPath: mainCamera
      value: 
      objectReference: {fileID: 1966791437}
    - target: {fileID: 11418078, guid: 5a60dcf1339452244976c574dca080ee, type: 2}
      propertyPath: backgroundImage
      value: 
      objectReference: {fileID: 1603433908}
    m_RemovedComponents: []
  m_ParentPrefab: {fileID: 100100000, guid: 5a60dcf1339452244976c574dca080ee, type: 2}
  m_IsPrefabParent: 0
--- !u!1001 &233122355
Prefab:
  m_ObjectHideFlags: 0
  serializedVersion: 2
  m_Modification:
    m_TransformParent: {fileID: 0}
    m_Modifications:
    - target: {fileID: 418492, guid: d0121c53508de6843b62a45af67b8946, type: 2}
      propertyPath: m_LocalPosition.x
      value: 3.74000001
      objectReference: {fileID: 0}
    - target: {fileID: 418492, guid: d0121c53508de6843b62a45af67b8946, type: 2}
      propertyPath: m_LocalPosition.y
      value: -2.56100011
      objectReference: {fileID: 0}
    - target: {fileID: 418492, guid: d0121c53508de6843b62a45af67b8946, type: 2}
      propertyPath: m_LocalPosition.z
      value: 0
      objectReference: {fileID: 0}
    - target: {fileID: 418492, guid: d0121c53508de6843b62a45af67b8946, type: 2}
      propertyPath: m_LocalRotation.x
      value: 0
      objectReference: {fileID: 0}
    - target: {fileID: 418492, guid: d0121c53508de6843b62a45af67b8946, type: 2}
      propertyPath: m_LocalRotation.y
      value: 0
      objectReference: {fileID: 0}
    - target: {fileID: 418492, guid: d0121c53508de6843b62a45af67b8946, type: 2}
      propertyPath: m_LocalRotation.z
      value: 0
      objectReference: {fileID: 0}
    - target: {fileID: 418492, guid: d0121c53508de6843b62a45af67b8946, type: 2}
      propertyPath: m_LocalRotation.w
      value: 1
      objectReference: {fileID: 0}
    - target: {fileID: 418492, guid: d0121c53508de6843b62a45af67b8946, type: 2}
      propertyPath: m_RootOrder
      value: 8
      objectReference: {fileID: 0}
    m_RemovedComponents: []
  m_ParentPrefab: {fileID: 100100000, guid: d0121c53508de6843b62a45af67b8946, type: 2}
  m_IsPrefabParent: 0
--- !u!1001 &315148814
Prefab:
  m_ObjectHideFlags: 0
  serializedVersion: 2
  m_Modification:
    m_TransformParent: {fileID: 0}
    m_Modifications:
    - target: {fileID: 400000, guid: 676b68c0efda42a48b513a52a9d5342a, type: 2}
      propertyPath: m_LocalPosition.x
      value: 0
      objectReference: {fileID: 0}
    - target: {fileID: 400000, guid: 676b68c0efda42a48b513a52a9d5342a, type: 2}
      propertyPath: m_LocalPosition.y
      value: 0
      objectReference: {fileID: 0}
    - target: {fileID: 400000, guid: 676b68c0efda42a48b513a52a9d5342a, type: 2}
      propertyPath: m_LocalPosition.z
      value: -2
      objectReference: {fileID: 0}
    - target: {fileID: 400000, guid: 676b68c0efda42a48b513a52a9d5342a, type: 2}
      propertyPath: m_LocalRotation.x
      value: 0
      objectReference: {fileID: 0}
    - target: {fileID: 400000, guid: 676b68c0efda42a48b513a52a9d5342a, type: 2}
      propertyPath: m_LocalRotation.y
      value: 0
      objectReference: {fileID: 0}
    - target: {fileID: 400000, guid: 676b68c0efda42a48b513a52a9d5342a, type: 2}
      propertyPath: m_LocalRotation.z
      value: 0
      objectReference: {fileID: 0}
    - target: {fileID: 400000, guid: 676b68c0efda42a48b513a52a9d5342a, type: 2}
      propertyPath: m_LocalRotation.w
      value: 1
      objectReference: {fileID: 0}
    - target: {fileID: 11400000, guid: 676b68c0efda42a48b513a52a9d5342a, type: 2}
      propertyPath: ball
      value: 
      objectReference: {fileID: 1668085564}
    - target: {fileID: 11400000, guid: 676b68c0efda42a48b513a52a9d5342a, type: 2}
      propertyPath: object1
      value: 
      objectReference: {fileID: 0}
    - target: {fileID: 11400000, guid: 676b68c0efda42a48b513a52a9d5342a, type: 2}
      propertyPath: object2
      value: 
      objectReference: {fileID: 0}
    - target: {fileID: 11400000, guid: 676b68c0efda42a48b513a52a9d5342a, type: 2}
      propertyPath: object3
      value: 
      objectReference: {fileID: 0}
    - target: {fileID: 11400000, guid: 676b68c0efda42a48b513a52a9d5342a, type: 2}
      propertyPath: object4
      value: 
      objectReference: {fileID: 0}
    - target: {fileID: 11400000, guid: 676b68c0efda42a48b513a52a9d5342a, type: 2}
      propertyPath: spawnPoint
      value: 
      objectReference: {fileID: 0}
    - target: {fileID: 11400000, guid: 676b68c0efda42a48b513a52a9d5342a, type: 2}
      propertyPath: objectWithRotation1
      value: 
      objectReference: {fileID: 0}
    - target: {fileID: 11400000, guid: 676b68c0efda42a48b513a52a9d5342a, type: 2}
      propertyPath: objectWithRotation2
      value: 
      objectReference: {fileID: 0}
    - target: {fileID: 11400002, guid: 676b68c0efda42a48b513a52a9d5342a, type: 2}
      propertyPath: objectWithOtherScript3
      value: 
      objectReference: {fileID: 0}
    - target: {fileID: 11400002, guid: 676b68c0efda42a48b513a52a9d5342a, type: 2}
      propertyPath: objectWithOtherScript4
      value: 
      objectReference: {fileID: 0}
    - target: {fileID: 11400002, guid: 676b68c0efda42a48b513a52a9d5342a, type: 2}
      propertyPath: objectWithRotation1
      value: 
      objectReference: {fileID: 0}
    - target: {fileID: 11400002, guid: 676b68c0efda42a48b513a52a9d5342a, type: 2}
      propertyPath: objectWithRotation2
      value: 
      objectReference: {fileID: 0}
    - target: {fileID: 11400000, guid: 676b68c0efda42a48b513a52a9d5342a, type: 2}
      propertyPath: gravityScaleObj1
      value: 1
      objectReference: {fileID: 0}
    - target: {fileID: 11400000, guid: 676b68c0efda42a48b513a52a9d5342a, type: 2}
      propertyPath: gravityScaleObj2
      value: 2
      objectReference: {fileID: 0}
    - target: {fileID: 11400000, guid: 676b68c0efda42a48b513a52a9d5342a, type: 2}
      propertyPath: gravityScaleObj3
      value: 1
      objectReference: {fileID: 0}
    - target: {fileID: 400000, guid: 676b68c0efda42a48b513a52a9d5342a, type: 2}
      propertyPath: m_RootOrder
      value: 2
      objectReference: {fileID: 0}
    - target: {fileID: 2000000, guid: 676b68c0efda42a48b513a52a9d5342a, type: 2}
      propertyPath: orthographic size
      value: 3.5999999
      objectReference: {fileID: 0}
    m_RemovedComponents:
    - {fileID: 11400000, guid: 676b68c0efda42a48b513a52a9d5342a, type: 2}
    - {fileID: 11400002, guid: 676b68c0efda42a48b513a52a9d5342a, type: 2}
  m_ParentPrefab: {fileID: 100100000, guid: 676b68c0efda42a48b513a52a9d5342a, type: 2}
  m_IsPrefabParent: 0
--- !u!1 &370818741
GameObject:
  m_ObjectHideFlags: 0
  m_PrefabParentObject: {fileID: 0}
  m_PrefabInternal: {fileID: 0}
  serializedVersion: 4
  m_Component:
  - 224: {fileID: 370818742}
  - 222: {fileID: 370818745}
  - 114: {fileID: 370818744}
  - 114: {fileID: 370818743}
  - 114: {fileID: 370818746}
  m_Layer: 5
  m_Name: Fix
  m_TagString: Untagged
  m_Icon: {fileID: 0}
  m_NavMeshLayer: 0
  m_StaticEditorFlags: 0
  m_IsActive: 1
--- !u!224 &370818742
RectTransform:
  m_ObjectHideFlags: 0
  m_PrefabParentObject: {fileID: 0}
  m_PrefabInternal: {fileID: 0}
  m_GameObject: {fileID: 370818741}
  m_LocalRotation: {x: 0, y: 0, z: 0, w: 1}
  m_LocalPosition: {x: 0, y: 0, z: 0}
  m_LocalScale: {x: 1, y: 1, z: 1}
  m_Children: []
  m_Father: {fileID: 201286071}
  m_RootOrder: 2
  m_AnchorMin: {x: 1, y: 1}
  m_AnchorMax: {x: 1, y: 1}
  m_AnchoredPosition: {x: -150.000061, y: -110}
  m_SizeDelta: {x: 152, y: 50}
  m_Pivot: {x: .5, y: .5}
--- !u!114 &370818743
MonoBehaviour:
  m_ObjectHideFlags: 0
  m_PrefabParentObject: {fileID: 0}
  m_PrefabInternal: {fileID: 0}
  m_GameObject: {fileID: 370818741}
  m_Enabled: 1
  m_EditorHideFlags: 0
  m_Script: {fileID: 1392445389, guid: f5f67c52d1564df4a8936ccd202a3bd8, type: 3}
  m_Name: 
  m_EditorClassIdentifier: 
  m_Navigation:
    m_Mode: 3
    m_SelectOnUp: {fileID: 0}
    m_SelectOnDown: {fileID: 0}
    m_SelectOnLeft: {fileID: 0}
    m_SelectOnRight: {fileID: 0}
  m_Transition: 1
  m_Colors:
    m_NormalColor: {r: 1, g: 1, b: 1, a: 1}
    m_HighlightedColor: {r: .960784316, g: .960784316, b: .960784316, a: 1}
    m_PressedColor: {r: .784313738, g: .784313738, b: .784313738, a: 1}
    m_DisabledColor: {r: .784313738, g: .784313738, b: .784313738, a: .501960814}
    m_ColorMultiplier: 1
    m_FadeDuration: .100000001
  m_SpriteState:
    m_HighlightedSprite: {fileID: 0}
    m_PressedSprite: {fileID: 0}
    m_DisabledSprite: {fileID: 0}
  m_AnimationTriggers:
    m_NormalTrigger: Normal
    m_HighlightedTrigger: Highlighted
    m_PressedTrigger: Pressed
    m_DisabledTrigger: Disabled
  m_Interactable: 1
  m_TargetGraphic: {fileID: 370818744}
  m_OnClick:
    m_PersistentCalls:
      m_Calls:
      - m_Target: {fileID: 537671884}
        m_MethodName: Tutorial2Step3Fix
        m_Mode: 1
        m_Arguments:
          m_ObjectArgument: {fileID: 0}
          m_ObjectArgumentAssemblyTypeName: UnityEngine.Object, UnityEngine, Version=0.0.0.0,
            Culture=neutral, PublicKeyToken=null
          m_IntArgument: 0
          m_FloatArgument: 0
          m_StringArgument: 
          m_BoolArgument: 0
        m_CallState: 2
    m_TypeName: UnityEngine.UI.Button+ButtonClickedEvent, UnityEngine.UI, Version=1.0.0.0,
      Culture=neutral, PublicKeyToken=null
--- !u!114 &370818744
MonoBehaviour:
  m_ObjectHideFlags: 0
  m_PrefabParentObject: {fileID: 0}
  m_PrefabInternal: {fileID: 0}
  m_GameObject: {fileID: 370818741}
  m_Enabled: 1
  m_EditorHideFlags: 0
  m_Script: {fileID: -765806418, guid: f5f67c52d1564df4a8936ccd202a3bd8, type: 3}
  m_Name: 
  m_EditorClassIdentifier: 
  m_Material: {fileID: 0}
  m_Color: {r: 1, g: 1, b: 1, a: 1}
  m_Sprite: {fileID: 21300000, guid: 8d54b49b62ddd794b81464e10fb29fe8, type: 3}
  m_Type: 0
  m_PreserveAspect: 0
  m_FillCenter: 1
  m_FillMethod: 4
  m_FillAmount: 1
  m_FillClockwise: 1
  m_FillOrigin: 0
--- !u!222 &370818745
CanvasRenderer:
  m_ObjectHideFlags: 0
  m_PrefabParentObject: {fileID: 0}
  m_PrefabInternal: {fileID: 0}
  m_GameObject: {fileID: 370818741}
--- !u!114 &370818746
MonoBehaviour:
  m_ObjectHideFlags: 0
  m_PrefabParentObject: {fileID: 0}
  m_PrefabInternal: {fileID: 0}
  m_GameObject: {fileID: 370818741}
  m_Enabled: 1
  m_EditorHideFlags: 0
  m_Script: {fileID: 11500000, guid: 4aec4b0e57601b14995859e16099ae4a, type: 3}
  m_Name: 
  m_EditorClassIdentifier: 
  engSprite: {fileID: 21300000, guid: 8d54b49b62ddd794b81464e10fb29fe8, type: 3}
  rusSprite: {fileID: 21300000, guid: 8530dd76df92dd442bb8bfd964b8ca97, type: 3}
--- !u!114 &409612007 stripped
MonoBehaviour:
  m_PrefabParentObject: {fileID: 11464954, guid: 7b6dd59991dce534b9f494ce875b4063,
    type: 2}
  m_PrefabInternal: {fileID: 715070079}
  m_Script: {fileID: 11500000, guid: 4e8aa84a89e69ef408557eea3fb0733d, type: 3}
--- !u!1 &489126936 stripped
GameObject:
  m_PrefabParentObject: {fileID: 112120, guid: b17c576c934aa1447b629da613df79c0, type: 2}
  m_PrefabInternal: {fileID: 1508633930}
--- !u!114 &489126937
MonoBehaviour:
  m_ObjectHideFlags: 0
  m_PrefabParentObject: {fileID: 0}
  m_PrefabInternal: {fileID: 0}
  m_GameObject: {fileID: 489126936}
  m_Enabled: 1
  m_EditorHideFlags: 0
  m_Script: {fileID: 11500000, guid: 0f277832eae684f409f3b2d60bad319a, type: 3}
  m_Name: 
  m_EditorClassIdentifier: 
  objName: 
  spriteImage1: {fileID: 21300000, guid: 5be526f62406da24b82ec76caef076cf, type: 3}
  spriteImage2: {fileID: 21300000, guid: fcad1d1bea6e77e4e9f65b1d2f0d1d16, type: 3}
  box: {fileID: 0}
  isDraged: 0
  doubleClickStart: -1
  disableClicks: 0
  isDoubleClicked: 0
  countDoubleClicks: 0
  gravityRotation: 1
  cameraObject: {fileID: 1966791437}
--- !u!1 &537671883
GameObject:
  m_ObjectHideFlags: 0
  m_PrefabParentObject: {fileID: 0}
  m_PrefabInternal: {fileID: 0}
  serializedVersion: 4
  m_Component:
  - 4: {fileID: 537671885}
  - 114: {fileID: 537671884}
  m_Layer: 0
  m_Name: Tutorial2EventHandler
  m_TagString: Untagged
  m_Icon: {fileID: 0}
  m_NavMeshLayer: 0
  m_StaticEditorFlags: 0
  m_IsActive: 1
--- !u!114 &537671884
MonoBehaviour:
  m_ObjectHideFlags: 0
  m_PrefabParentObject: {fileID: 0}
  m_PrefabInternal: {fileID: 0}
  m_GameObject: {fileID: 537671883}
  m_Enabled: 1
  m_EditorHideFlags: 0
  m_Script: {fileID: 11500000, guid: bac59386b77f6704f9cddab8c568e0a2, type: 3}
  m_Name: 
  m_EditorClassIdentifier: 
--- !u!4 &537671885
Transform:
  m_ObjectHideFlags: 0
  m_PrefabParentObject: {fileID: 0}
  m_PrefabInternal: {fileID: 0}
  m_GameObject: {fileID: 537671883}
  m_LocalRotation: {x: 0, y: 0, z: 0, w: 1}
  m_LocalPosition: {x: 0, y: 0, z: -2}
  m_LocalScale: {x: 1, y: 1, z: 1}
  m_Children: []
  m_Father: {fileID: 0}
  m_RootOrder: 1
--- !u!1 &573666383
GameObject:
  m_ObjectHideFlags: 0
  m_PrefabParentObject: {fileID: 0}
  m_PrefabInternal: {fileID: 0}
  serializedVersion: 4
  m_Component:
  - 4: {fileID: 573666387}
  - 114: {fileID: 573666386}
  - 114: {fileID: 573666385}
  - 114: {fileID: 573666384}
  m_Layer: 0
  m_Name: EventSystem
  m_TagString: Untagged
  m_Icon: {fileID: 0}
  m_NavMeshLayer: 0
  m_StaticEditorFlags: 0
  m_IsActive: 1
--- !u!114 &573666384
MonoBehaviour:
  m_ObjectHideFlags: 0
  m_PrefabParentObject: {fileID: 0}
  m_PrefabInternal: {fileID: 0}
  m_GameObject: {fileID: 573666383}
  m_Enabled: 1
  m_EditorHideFlags: 0
  m_Script: {fileID: 1997211142, guid: f5f67c52d1564df4a8936ccd202a3bd8, type: 3}
  m_Name: 
  m_EditorClassIdentifier: 
  m_AllowActivationOnStandalone: 0
--- !u!114 &573666385
MonoBehaviour:
  m_ObjectHideFlags: 0
  m_PrefabParentObject: {fileID: 0}
  m_PrefabInternal: {fileID: 0}
  m_GameObject: {fileID: 573666383}
  m_Enabled: 1
  m_EditorHideFlags: 0
  m_Script: {fileID: 1077351063, guid: f5f67c52d1564df4a8936ccd202a3bd8, type: 3}
  m_Name: 
  m_EditorClassIdentifier: 
  m_HorizontalAxis: Horizontal
  m_VerticalAxis: Vertical
  m_SubmitButton: Submit
  m_CancelButton: Cancel
  m_InputActionsPerSecond: 10
  m_AllowActivationOnMobileDevice: 0
--- !u!114 &573666386
MonoBehaviour:
  m_ObjectHideFlags: 0
  m_PrefabParentObject: {fileID: 0}
  m_PrefabInternal: {fileID: 0}
  m_GameObject: {fileID: 573666383}
  m_Enabled: 1
  m_EditorHideFlags: 0
  m_Script: {fileID: -619905303, guid: f5f67c52d1564df4a8936ccd202a3bd8, type: 3}
  m_Name: 
  m_EditorClassIdentifier: 
  m_FirstSelected: {fileID: 0}
  m_sendNavigationEvents: 1
  m_DragThreshold: 5
--- !u!4 &573666387
Transform:
  m_ObjectHideFlags: 0
  m_PrefabParentObject: {fileID: 0}
  m_PrefabInternal: {fileID: 0}
  m_GameObject: {fileID: 573666383}
  m_LocalRotation: {x: 0, y: 0, z: 0, w: 1}
  m_LocalPosition: {x: 0, y: 0, z: 0}
  m_LocalScale: {x: 1, y: 1, z: 1}
  m_Children: []
  m_Father: {fileID: 0}
  m_RootOrder: 10
--- !u!1 &589994857
GameObject:
  m_ObjectHideFlags: 0
  m_PrefabParentObject: {fileID: 0}
  m_PrefabInternal: {fileID: 0}
  serializedVersion: 4
  m_Component:
  - 224: {fileID: 589994858}
  - 222: {fileID: 589994861}
  - 114: {fileID: 589994860}
  - 114: {fileID: 589994859}
  m_Layer: 5
  m_Name: Button
  m_TagString: Untagged
  m_Icon: {fileID: 0}
  m_NavMeshLayer: 0
  m_StaticEditorFlags: 0
  m_IsActive: 1
--- !u!224 &589994858
RectTransform:
  m_ObjectHideFlags: 0
  m_PrefabParentObject: {fileID: 0}
  m_PrefabInternal: {fileID: 0}
  m_GameObject: {fileID: 589994857}
  m_LocalRotation: {x: 0, y: 0, z: 0, w: 1}
  m_LocalPosition: {x: 0, y: 0, z: 0}
  m_LocalScale: {x: 1, y: 1, z: 1}
  m_Children: []
  m_Father: {fileID: 651645538}
  m_RootOrder: 1
  m_AnchorMin: {x: .5, y: .5}
  m_AnchorMax: {x: .5, y: .5}
  m_AnchoredPosition: {x: 0, y: -120}
  m_SizeDelta: {x: 69, y: 71}
  m_Pivot: {x: .5, y: .5}
--- !u!114 &589994859
MonoBehaviour:
  m_ObjectHideFlags: 0
  m_PrefabParentObject: {fileID: 0}
  m_PrefabInternal: {fileID: 0}
  m_GameObject: {fileID: 589994857}
  m_Enabled: 1
  m_EditorHideFlags: 0
  m_Script: {fileID: 1392445389, guid: f5f67c52d1564df4a8936ccd202a3bd8, type: 3}
  m_Name: 
  m_EditorClassIdentifier: 
  m_Navigation:
    m_Mode: 3
    m_SelectOnUp: {fileID: 0}
    m_SelectOnDown: {fileID: 0}
    m_SelectOnLeft: {fileID: 0}
    m_SelectOnRight: {fileID: 0}
  m_Transition: 1
  m_Colors:
    m_NormalColor: {r: 1, g: 1, b: 1, a: 1}
    m_HighlightedColor: {r: .960784316, g: .960784316, b: .960784316, a: 1}
    m_PressedColor: {r: .784313738, g: .784313738, b: .784313738, a: 1}
    m_DisabledColor: {r: .784313738, g: .784313738, b: .784313738, a: .501960814}
    m_ColorMultiplier: 1
    m_FadeDuration: .100000001
  m_SpriteState:
    m_HighlightedSprite: {fileID: 0}
    m_PressedSprite: {fileID: 0}
    m_DisabledSprite: {fileID: 0}
  m_AnimationTriggers:
    m_NormalTrigger: Normal
    m_HighlightedTrigger: Highlighted
    m_PressedTrigger: Pressed
    m_DisabledTrigger: Disabled
  m_Interactable: 1
  m_TargetGraphic: {fileID: 589994860}
  m_OnClick:
    m_PersistentCalls:
      m_Calls:
      - m_Target: {fileID: 537671884}
        m_MethodName: LoadLevel
        m_Mode: 5
        m_Arguments:
          m_ObjectArgument: {fileID: 0}
          m_ObjectArgumentAssemblyTypeName: UnityEngine.Object, UnityEngine, Version=0.0.0.0,
            Culture=neutral, PublicKeyToken=null
          m_IntArgument: 0
          m_FloatArgument: 0
          m_StringArgument: scene0
          m_BoolArgument: 0
        m_CallState: 2
    m_TypeName: UnityEngine.UI.Button+ButtonClickedEvent, UnityEngine.UI, Version=1.0.0.0,
      Culture=neutral, PublicKeyToken=null
--- !u!114 &589994860
MonoBehaviour:
  m_ObjectHideFlags: 0
  m_PrefabParentObject: {fileID: 0}
  m_PrefabInternal: {fileID: 0}
  m_GameObject: {fileID: 589994857}
  m_Enabled: 1
  m_EditorHideFlags: 0
  m_Script: {fileID: -765806418, guid: f5f67c52d1564df4a8936ccd202a3bd8, type: 3}
  m_Name: 
  m_EditorClassIdentifier: 
  m_Material: {fileID: 0}
  m_Color: {r: 1, g: 1, b: 1, a: 1}
  m_Sprite: {fileID: 21300000, guid: 4641c9e5600b9bc4ab741870b66b0d4a, type: 3}
  m_Type: 0
  m_PreserveAspect: 0
  m_FillCenter: 1
  m_FillMethod: 4
  m_FillAmount: 1
  m_FillClockwise: 1
  m_FillOrigin: 0
--- !u!222 &589994861
CanvasRenderer:
  m_ObjectHideFlags: 0
  m_PrefabParentObject: {fileID: 0}
  m_PrefabInternal: {fileID: 0}
  m_GameObject: {fileID: 589994857}
--- !u!1 &624079864
GameObject:
  m_ObjectHideFlags: 0
  m_PrefabParentObject: {fileID: 0}
  m_PrefabInternal: {fileID: 0}
  serializedVersion: 4
  m_Component:
  - 224: {fileID: 624079865}
  - 222: {fileID: 624079867}
  - 114: {fileID: 624079866}
  - 114: {fileID: 624079868}
  m_Layer: 5
  m_Name: Text
  m_TagString: Untagged
  m_Icon: {fileID: 0}
  m_NavMeshLayer: 0
  m_StaticEditorFlags: 0
  m_IsActive: 1
--- !u!224 &624079865
RectTransform:
  m_ObjectHideFlags: 0
  m_PrefabParentObject: {fileID: 0}
  m_PrefabInternal: {fileID: 0}
  m_GameObject: {fileID: 624079864}
  m_LocalRotation: {x: 0, y: 0, z: 0, w: 1}
  m_LocalPosition: {x: 0, y: 0, z: 0}
  m_LocalScale: {x: 1, y: 1, z: 1}
  m_Children: []
  m_Father: {fileID: 165347143}
  m_RootOrder: 0
  m_AnchorMin: {x: .5, y: .5}
  m_AnchorMax: {x: .5, y: .5}
  m_AnchoredPosition: {x: 0, y: 30}
  m_SizeDelta: {x: 500, y: 300}
  m_Pivot: {x: .5, y: .5}
--- !u!114 &624079866
MonoBehaviour:
  m_ObjectHideFlags: 0
  m_PrefabParentObject: {fileID: 0}
  m_PrefabInternal: {fileID: 0}
  m_GameObject: {fileID: 624079864}
  m_Enabled: 1
  m_EditorHideFlags: 0
  m_Script: {fileID: 708705254, guid: f5f67c52d1564df4a8936ccd202a3bd8, type: 3}
  m_Name: 
  m_EditorClassIdentifier: 
  m_Material: {fileID: 0}
  m_Color: {r: .384313732, g: .384313732, b: .384313732, a: 1}
  m_FontData:
    m_Font: {fileID: 12800000, guid: 247cc88711fff2049b71c77d8317c239, type: 3}
    m_FontSize: 30
    m_FontStyle: 0
    m_BestFit: 0
    m_MinSize: 10
    m_MaxSize: 40
    m_Alignment: 4
    m_RichText: 1
    m_HorizontalOverflow: 0
    m_VerticalOverflow: 0
    m_LineSpacing: 1
  m_Text: "\u0425\u043E\u0440\u043E\u0448\u0430\u044F \u0440\u0430\u0431\u043E\u0442\u0430!\r\n\u041F\u0440\u043E\u0434\u043E\u043B\u0436\u0430\u0439
    \u0432 \u0442\u043E\u043C \u0436\u0435 \u0434\u0443\u0445\u0435!\n\u0422\u0435\u043F\u0435\u0440\u044C
    \u043D\u0430\u0436\u043C\u0438 \u043A\u043D\u043E\u043F\u043A\u0443 \"\u0418\u0441\u043F\u0440\u0430\u0432\u0438\u0442\u044C\"
    \u0438 \u0437\u0430\u0442\u0435\u043C \u043F\u043E\u0432\u0435\u0440\u043D\u0438
    \u0438\u043B\u0438 \u043F\u0435\u0440\u0435\u0442\u0430\u0449\u0438 \u043E\u0431\u044A\u0435\u043A\u0442
    \u043D\u0430 \u0441\u0446\u0435\u043D\u0435.\u041D\u0430\u0436\u043C\u0438 \u043A\u043D\u043E\u043F\u043A\u0443
    \u0413\u0440\u0430\u0432\u0438\u0442\u0430\u0446\u0438\u044F \u0435\u0449\u0451
    \u0440\u0430\u0437."
--- !u!222 &624079867
CanvasRenderer:
  m_ObjectHideFlags: 0
  m_PrefabParentObject: {fileID: 0}
  m_PrefabInternal: {fileID: 0}
  m_GameObject: {fileID: 624079864}
--- !u!114 &624079868
MonoBehaviour:
  m_ObjectHideFlags: 0
  m_PrefabParentObject: {fileID: 0}
  m_PrefabInternal: {fileID: 0}
  m_GameObject: {fileID: 624079864}
  m_Enabled: 1
  m_EditorHideFlags: 0
  m_Script: {fileID: 11500000, guid: fd550eaaef9901e4b81c2efee05e0b3f, type: 3}
  m_Name: 
  m_EditorClassIdentifier: 
  engString: Good job! Keep it up! Now press the "Fix" button and then turn or drag
    the object on the scene. Press "Gravity" button again.
  rusString: "\u0425\u043E\u0440\u043E\u0448\u0430\u044F \u0440\u0430\u0431\u043E\u0442\u0430!
    \u041F\u0440\u043E\u0434\u043E\u043B\u0436\u0430\u0439 \u0432 \u0442\u043E\u043C
    \u0436\u0435 \u0434\u0443\u0445\u0435! \u0422\u0435\u043F\u0435\u0440\u044C \u043D\u0430\u0436\u043C\u0438
    \u043A\u043D\u043E\u043F\u043A\u0443 \"\u0418\u0441\u043F\u0440\u0430\u0432\u0438\u0442\u044C\"
    \u0438 \u0437\u0430\u0442\u0435\u043C \u043F\u043E\u0432\u0435\u0440\u043D\u0438
    \u0438\u043B\u0438 \u043F\u0435\u0440\u0435\u0442\u0430\u0449\u0438 \u043E\u0431\u044A\u0435\u043A\u0442
    \u043D\u0430 \u0441\u0446\u0435\u043D\u0435.\u041D\u0430\u0436\u043C\u0438 \u043A\u043D\u043E\u043F\u043A\u0443
    \u0413\u0440\u0430\u0432\u0438\u0442\u0430\u0446\u0438\u044F \u0435\u0449\u0451
    \u0440\u0430\u0437."
--- !u!1 &651645537
GameObject:
  m_ObjectHideFlags: 0
  m_PrefabParentObject: {fileID: 0}
  m_PrefabInternal: {fileID: 0}
  serializedVersion: 4
  m_Component:
  - 224: {fileID: 651645538}
  - 222: {fileID: 651645540}
  - 114: {fileID: 651645539}
  m_Layer: 5
  m_Name: Tutorial2Panel3
  m_TagString: Untagged
  m_Icon: {fileID: 0}
  m_NavMeshLayer: 0
  m_StaticEditorFlags: 0
  m_IsActive: 1
--- !u!224 &651645538
RectTransform:
  m_ObjectHideFlags: 0
  m_PrefabParentObject: {fileID: 0}
  m_PrefabInternal: {fileID: 0}
  m_GameObject: {fileID: 651645537}
  m_LocalRotation: {x: 0, y: 0, z: 0, w: 1}
  m_LocalPosition: {x: 0, y: 0, z: 0}
  m_LocalScale: {x: 1, y: 1, z: 1}
  m_Children:
  - {fileID: 1318829149}
  - {fileID: 589994858}
  m_Father: {fileID: 201286071}
  m_RootOrder: 4
  m_AnchorMin: {x: .5, y: .5}
  m_AnchorMax: {x: .5, y: .5}
  m_AnchoredPosition: {x: 0, y: 1200}
  m_SizeDelta: {x: 635, y: 381}
  m_Pivot: {x: .5, y: .5}
--- !u!114 &651645539
MonoBehaviour:
  m_ObjectHideFlags: 0
  m_PrefabParentObject: {fileID: 0}
  m_PrefabInternal: {fileID: 0}
  m_GameObject: {fileID: 651645537}
  m_Enabled: 1
  m_EditorHideFlags: 0
  m_Script: {fileID: -765806418, guid: f5f67c52d1564df4a8936ccd202a3bd8, type: 3}
  m_Name: 
  m_EditorClassIdentifier: 
  m_Material: {fileID: 0}
  m_Color: {r: 1, g: 1, b: 1, a: 1}
  m_Sprite: {fileID: 21300000, guid: 636c3aa8cce5dfc44a09321e8689fffe, type: 3}
  m_Type: 0
  m_PreserveAspect: 0
  m_FillCenter: 1
  m_FillMethod: 4
  m_FillAmount: 1
  m_FillClockwise: 1
  m_FillOrigin: 0
--- !u!222 &651645540
CanvasRenderer:
  m_ObjectHideFlags: 0
  m_PrefabParentObject: {fileID: 0}
  m_PrefabInternal: {fileID: 0}
  m_GameObject: {fileID: 651645537}
--- !u!1 &704670381
GameObject:
  m_ObjectHideFlags: 0
  m_PrefabParentObject: {fileID: 108818, guid: 1ed1379a051a63f4091e0e0c9db32b2b, type: 2}
  m_PrefabInternal: {fileID: 0}
  serializedVersion: 4
  m_Component:
  - 224: {fileID: 704670382}
  - 222: {fileID: 704670384}
  - 114: {fileID: 704670383}
  m_Layer: 5
  m_Name: Image
  m_TagString: Untagged
  m_Icon: {fileID: 0}
  m_NavMeshLayer: 0
  m_StaticEditorFlags: 0
  m_IsActive: 1
--- !u!224 &704670382
RectTransform:
  m_ObjectHideFlags: 0
  m_PrefabParentObject: {fileID: 22466648, guid: 1ed1379a051a63f4091e0e0c9db32b2b,
    type: 2}
  m_PrefabInternal: {fileID: 0}
  m_GameObject: {fileID: 704670381}
  m_LocalRotation: {x: 0, y: 0, z: 0, w: 1}
  m_LocalPosition: {x: 0, y: 0, z: 0}
  m_LocalScale: {x: 1, y: 1, z: 1}
  m_Children:
  - {fileID: 982328531}
  - {fileID: 1656494713}
  - {fileID: 2067033002}
  m_Father: {fileID: 2132631000}
  m_RootOrder: 0
  m_AnchorMin: {x: .5, y: .5}
  m_AnchorMax: {x: .5, y: .5}
  m_AnchoredPosition: {x: 0, y: 0}
  m_SizeDelta: {x: 291, y: 177}
  m_Pivot: {x: .5, y: .5}
--- !u!114 &704670383
MonoBehaviour:
  m_ObjectHideFlags: 0
  m_PrefabParentObject: {fileID: 11439638, guid: 1ed1379a051a63f4091e0e0c9db32b2b,
    type: 2}
  m_PrefabInternal: {fileID: 0}
  m_GameObject: {fileID: 704670381}
  m_Enabled: 1
  m_EditorHideFlags: 0
  m_Script: {fileID: -765806418, guid: f5f67c52d1564df4a8936ccd202a3bd8, type: 3}
  m_Name: 
  m_EditorClassIdentifier: 
  m_Material: {fileID: 0}
  m_Color: {r: 1, g: 1, b: 1, a: 1}
  m_Sprite: {fileID: 21300000, guid: 0a2b0da766a930f408eac62ec3ec7cdc, type: 3}
  m_Type: 0
  m_PreserveAspect: 0
  m_FillCenter: 1
  m_FillMethod: 4
  m_FillAmount: 1
  m_FillClockwise: 1
  m_FillOrigin: 0
--- !u!222 &704670384
CanvasRenderer:
  m_ObjectHideFlags: 0
  m_PrefabParentObject: {fileID: 22230408, guid: 1ed1379a051a63f4091e0e0c9db32b2b,
    type: 2}
  m_PrefabInternal: {fileID: 0}
  m_GameObject: {fileID: 704670381}
--- !u!1001 &715070079
Prefab:
  m_ObjectHideFlags: 0
  serializedVersion: 2
  m_Modification:
    m_TransformParent: {fileID: 0}
    m_Modifications:
    - target: {fileID: 453650, guid: 7b6dd59991dce534b9f494ce875b4063, type: 2}
      propertyPath: m_LocalPosition.x
      value: 0
      objectReference: {fileID: 0}
    - target: {fileID: 453650, guid: 7b6dd59991dce534b9f494ce875b4063, type: 2}
      propertyPath: m_LocalPosition.y
      value: 0
      objectReference: {fileID: 0}
    - target: {fileID: 453650, guid: 7b6dd59991dce534b9f494ce875b4063, type: 2}
      propertyPath: m_LocalPosition.z
      value: -2
      objectReference: {fileID: 0}
    - target: {fileID: 453650, guid: 7b6dd59991dce534b9f494ce875b4063, type: 2}
      propertyPath: m_LocalRotation.x
      value: 0
      objectReference: {fileID: 0}
    - target: {fileID: 453650, guid: 7b6dd59991dce534b9f494ce875b4063, type: 2}
      propertyPath: m_LocalRotation.y
      value: 0
      objectReference: {fileID: 0}
    - target: {fileID: 453650, guid: 7b6dd59991dce534b9f494ce875b4063, type: 2}
      propertyPath: m_LocalRotation.z
      value: 0
      objectReference: {fileID: 0}
    - target: {fileID: 453650, guid: 7b6dd59991dce534b9f494ce875b4063, type: 2}
      propertyPath: m_LocalRotation.w
      value: 1
      objectReference: {fileID: 0}
    - target: {fileID: 453650, guid: 7b6dd59991dce534b9f494ce875b4063, type: 2}
      propertyPath: m_RootOrder
      value: 12
      objectReference: {fileID: 0}
    m_RemovedComponents: []
  m_ParentPrefab: {fileID: 100100000, guid: 7b6dd59991dce534b9f494ce875b4063, type: 2}
  m_IsPrefabParent: 0
--- !u!1 &781590942
GameObject:
  m_ObjectHideFlags: 0
  m_PrefabParentObject: {fileID: 0}
  m_PrefabInternal: {fileID: 0}
  serializedVersion: 4
  m_Component:
  - 224: {fileID: 781590945}
  - 222: {fileID: 781590944}
  - 114: {fileID: 781590943}
  m_Layer: 5
  m_Name: Tutorial2Panel1
  m_TagString: Untagged
  m_Icon: {fileID: 0}
  m_NavMeshLayer: 0
  m_StaticEditorFlags: 0
  m_IsActive: 1
--- !u!114 &781590943
MonoBehaviour:
  m_ObjectHideFlags: 0
  m_PrefabParentObject: {fileID: 0}
  m_PrefabInternal: {fileID: 0}
  m_GameObject: {fileID: 781590942}
  m_Enabled: 1
  m_EditorHideFlags: 0
  m_Script: {fileID: -765806418, guid: f5f67c52d1564df4a8936ccd202a3bd8, type: 3}
  m_Name: 
  m_EditorClassIdentifier: 
  m_Material: {fileID: 0}
  m_Color: {r: 1, g: 1, b: 1, a: 1}
  m_Sprite: {fileID: 21300000, guid: 636c3aa8cce5dfc44a09321e8689fffe, type: 3}
  m_Type: 0
  m_PreserveAspect: 0
  m_FillCenter: 1
  m_FillMethod: 4
  m_FillAmount: 1
  m_FillClockwise: 1
  m_FillOrigin: 0
--- !u!222 &781590944
CanvasRenderer:
  m_ObjectHideFlags: 0
  m_PrefabParentObject: {fileID: 0}
  m_PrefabInternal: {fileID: 0}
  m_GameObject: {fileID: 781590942}
--- !u!224 &781590945
RectTransform:
  m_ObjectHideFlags: 0
  m_PrefabParentObject: {fileID: 0}
  m_PrefabInternal: {fileID: 0}
  m_GameObject: {fileID: 781590942}
  m_LocalRotation: {x: 0, y: 0, z: 0, w: 1}
  m_LocalPosition: {x: 0, y: 0, z: 0}
  m_LocalScale: {x: 1, y: 1, z: 1}
  m_Children:
  - {fileID: 1602839248}
  - {fileID: 1823347331}
  m_Father: {fileID: 201286071}
  m_RootOrder: 0
  m_AnchorMin: {x: .5, y: .5}
  m_AnchorMax: {x: .5, y: .5}
  m_AnchoredPosition: {x: 0, y: 0}
  m_SizeDelta: {x: 635, y: 381}
  m_Pivot: {x: .5, y: .5}
--- !u!1 &803943857
GameObject:
  m_ObjectHideFlags: 0
  m_PrefabParentObject: {fileID: 112712, guid: 1ed1379a051a63f4091e0e0c9db32b2b, type: 2}
  m_PrefabInternal: {fileID: 0}
  serializedVersion: 4
  m_Component:
  - 224: {fileID: 803943858}
  - 223: {fileID: 803943861}
  - 114: {fileID: 803943860}
  - 114: {fileID: 803943859}
  m_Layer: 5
  m_Name: Canvas 1
  m_TagString: Untagged
  m_Icon: {fileID: 0}
  m_NavMeshLayer: 0
  m_StaticEditorFlags: 0
  m_IsActive: 1
--- !u!224 &803943858
RectTransform:
  m_ObjectHideFlags: 0
  m_PrefabParentObject: {fileID: 22495554, guid: 1ed1379a051a63f4091e0e0c9db32b2b,
    type: 2}
  m_PrefabInternal: {fileID: 0}
  m_GameObject: {fileID: 803943857}
  m_LocalRotation: {x: 0, y: 0, z: 0, w: 1}
  m_LocalPosition: {x: 0, y: 0, z: 0}
  m_LocalScale: {x: 0, y: 0, z: 0}
  m_Children:
  - {fileID: 1158155462}
  - {fileID: 2132631000}
  m_Father: {fileID: 0}
  m_RootOrder: 14
  m_AnchorMin: {x: 0, y: 0}
  m_AnchorMax: {x: 0, y: 0}
  m_AnchoredPosition: {x: 0, y: 0}
  m_SizeDelta: {x: 0, y: 0}
  m_Pivot: {x: 0, y: 0}
--- !u!114 &803943859
MonoBehaviour:
  m_ObjectHideFlags: 0
  m_PrefabParentObject: {fileID: 11481538, guid: 1ed1379a051a63f4091e0e0c9db32b2b,
    type: 2}
  m_PrefabInternal: {fileID: 0}
  m_GameObject: {fileID: 803943857}
  m_Enabled: 1
  m_EditorHideFlags: 0
  m_Script: {fileID: 1301386320, guid: f5f67c52d1564df4a8936ccd202a3bd8, type: 3}
  m_Name: 
  m_EditorClassIdentifier: 
  m_IgnoreReversedGraphics: 1
  m_BlockingObjects: 0
  m_BlockingMask:
    serializedVersion: 2
    m_Bits: 4294967295
--- !u!114 &803943860
MonoBehaviour:
  m_ObjectHideFlags: 0
  m_PrefabParentObject: {fileID: 11407108, guid: 1ed1379a051a63f4091e0e0c9db32b2b,
    type: 2}
  m_PrefabInternal: {fileID: 0}
  m_GameObject: {fileID: 803943857}
  m_Enabled: 1
  m_EditorHideFlags: 0
  m_Script: {fileID: 1980459831, guid: f5f67c52d1564df4a8936ccd202a3bd8, type: 3}
  m_Name: 
  m_EditorClassIdentifier: 
  m_UiScaleMode: 1
  m_ReferencePixelsPerUnit: 100
  m_ScaleFactor: 1
  m_ReferenceResolution: {x: 1280, y: 720}
  m_ScreenMatchMode: 0
  m_MatchWidthOrHeight: 0
  m_PhysicalUnit: 3
  m_FallbackScreenDPI: 96
  m_DefaultSpriteDPI: 96
  m_DynamicPixelsPerUnit: 1
--- !u!223 &803943861
Canvas:
  m_ObjectHideFlags: 0
  m_PrefabParentObject: {fileID: 22316038, guid: 1ed1379a051a63f4091e0e0c9db32b2b,
    type: 2}
  m_PrefabInternal: {fileID: 0}
  m_GameObject: {fileID: 803943857}
  m_Enabled: 1
  serializedVersion: 2
  m_RenderMode: 0
  m_Camera: {fileID: 0}
  m_PlaneDistance: 100
  m_PixelPerfect: 0
  m_ReceivesEvents: 1
  m_OverrideSorting: 0
  m_OverridePixelPerfect: 0
  m_SortingLayerID: 0
  m_SortingOrder: 0
--- !u!1 &982328530
GameObject:
  m_ObjectHideFlags: 0
  m_PrefabParentObject: {fileID: 177650, guid: 1ed1379a051a63f4091e0e0c9db32b2b, type: 2}
  m_PrefabInternal: {fileID: 0}
  serializedVersion: 4
  m_Component:
  - 224: {fileID: 982328531}
  - 222: {fileID: 982328534}
  - 114: {fileID: 982328533}
  - 114: {fileID: 982328532}
  m_Layer: 5
  m_Name: PauseMenuButton
  m_TagString: Untagged
  m_Icon: {fileID: 0}
  m_NavMeshLayer: 0
  m_StaticEditorFlags: 0
  m_IsActive: 1
--- !u!224 &982328531
RectTransform:
  m_ObjectHideFlags: 0
  m_PrefabParentObject: {fileID: 22415710, guid: 1ed1379a051a63f4091e0e0c9db32b2b,
    type: 2}
  m_PrefabInternal: {fileID: 0}
  m_GameObject: {fileID: 982328530}
  m_LocalRotation: {x: 0, y: 0, z: 0, w: 1}
  m_LocalPosition: {x: 0, y: 0, z: 0}
  m_LocalScale: {x: 1, y: 1, z: 1}
  m_Children: []
  m_Father: {fileID: 704670382}
  m_RootOrder: 0
  m_AnchorMin: {x: .5, y: .5}
  m_AnchorMax: {x: .5, y: .5}
  m_AnchoredPosition: {x: -70, y: -20}
  m_SizeDelta: {x: 69, y: 71}
  m_Pivot: {x: .5, y: .5}
--- !u!114 &982328532
MonoBehaviour:
  m_ObjectHideFlags: 0
  m_PrefabParentObject: {fileID: 11417484, guid: 1ed1379a051a63f4091e0e0c9db32b2b,
    type: 2}
  m_PrefabInternal: {fileID: 0}
  m_GameObject: {fileID: 982328530}
  m_Enabled: 1
  m_EditorHideFlags: 0
  m_Script: {fileID: 1392445389, guid: f5f67c52d1564df4a8936ccd202a3bd8, type: 3}
  m_Name: 
  m_EditorClassIdentifier: 
  m_Navigation:
    m_Mode: 3
    m_SelectOnUp: {fileID: 0}
    m_SelectOnDown: {fileID: 0}
    m_SelectOnLeft: {fileID: 0}
    m_SelectOnRight: {fileID: 0}
  m_Transition: 1
  m_Colors:
    m_NormalColor: {r: 1, g: 1, b: 1, a: 1}
    m_HighlightedColor: {r: .960784316, g: .960784316, b: .960784316, a: 1}
    m_PressedColor: {r: .784313738, g: .784313738, b: .784313738, a: 1}
    m_DisabledColor: {r: .784313738, g: .784313738, b: .784313738, a: .501960814}
    m_ColorMultiplier: 1
    m_FadeDuration: .100000001
  m_SpriteState:
    m_HighlightedSprite: {fileID: 0}
    m_PressedSprite: {fileID: 0}
    m_DisabledSprite: {fileID: 0}
  m_AnimationTriggers:
    m_NormalTrigger: Normal
    m_HighlightedTrigger: Highlighted
    m_PressedTrigger: Pressed
    m_DisabledTrigger: Disabled
  m_Interactable: 1
  m_TargetGraphic: {fileID: 982328533}
  m_OnClick:
    m_PersistentCalls:
      m_Calls:
      - m_Target: {fileID: 409612007}
        m_MethodName: PauseToMenu
        m_Mode: 1
        m_Arguments:
          m_ObjectArgument: {fileID: 0}
          m_ObjectArgumentAssemblyTypeName: UnityEngine.Object, UnityEngine, Version=0.0.0.0,
            Culture=neutral, PublicKeyToken=null
          m_IntArgument: 0
          m_FloatArgument: 0
          m_StringArgument: 
          m_BoolArgument: 0
        m_CallState: 2
    m_TypeName: UnityEngine.UI.Button+ButtonClickedEvent, UnityEngine.UI, Version=1.0.0.0,
      Culture=neutral, PublicKeyToken=null
--- !u!114 &982328533
MonoBehaviour:
  m_ObjectHideFlags: 0
  m_PrefabParentObject: {fileID: 11474770, guid: 1ed1379a051a63f4091e0e0c9db32b2b,
    type: 2}
  m_PrefabInternal: {fileID: 0}
  m_GameObject: {fileID: 982328530}
  m_Enabled: 1
  m_EditorHideFlags: 0
  m_Script: {fileID: -765806418, guid: f5f67c52d1564df4a8936ccd202a3bd8, type: 3}
  m_Name: 
  m_EditorClassIdentifier: 
  m_Material: {fileID: 0}
  m_Color: {r: 1, g: 1, b: 1, a: 1}
  m_Sprite: {fileID: 21300000, guid: 38e8f022f6afbd3478dc21c8713ea460, type: 3}
  m_Type: 0
  m_PreserveAspect: 0
  m_FillCenter: 1
  m_FillMethod: 4
  m_FillAmount: 1
  m_FillClockwise: 1
  m_FillOrigin: 0
--- !u!222 &982328534
CanvasRenderer:
  m_ObjectHideFlags: 0
  m_PrefabParentObject: {fileID: 22246672, guid: 1ed1379a051a63f4091e0e0c9db32b2b,
    type: 2}
  m_PrefabInternal: {fileID: 0}
  m_GameObject: {fileID: 982328530}
--- !u!1 &1158155461
GameObject:
  m_ObjectHideFlags: 0
  m_PrefabParentObject: {fileID: 168778, guid: 1ed1379a051a63f4091e0e0c9db32b2b, type: 2}
  m_PrefabInternal: {fileID: 0}
  serializedVersion: 4
  m_Component:
  - 224: {fileID: 1158155462}
  - 222: {fileID: 1158155465}
  - 114: {fileID: 1158155464}
  - 114: {fileID: 1158155463}
  m_Layer: 5
  m_Name: PauseButton
  m_TagString: Untagged
  m_Icon: {fileID: 0}
  m_NavMeshLayer: 0
  m_StaticEditorFlags: 0
  m_IsActive: 1
--- !u!224 &1158155462
RectTransform:
  m_ObjectHideFlags: 0
  m_PrefabParentObject: {fileID: 22494172, guid: 1ed1379a051a63f4091e0e0c9db32b2b,
    type: 2}
  m_PrefabInternal: {fileID: 0}
  m_GameObject: {fileID: 1158155461}
  m_LocalRotation: {x: 0, y: 0, z: 0, w: 1}
  m_LocalPosition: {x: 0, y: 0, z: 0}
  m_LocalScale: {x: 1, y: 1, z: 1}
  m_Children: []
  m_Father: {fileID: 803943858}
  m_RootOrder: 0
  m_AnchorMin: {x: 0, y: 1}
  m_AnchorMax: {x: 0, y: 1}
  m_AnchoredPosition: {x: 80, y: -50}
  m_SizeDelta: {x: 69, y: 71}
  m_Pivot: {x: .5, y: .5}
--- !u!114 &1158155463
MonoBehaviour:
  m_ObjectHideFlags: 0
  m_PrefabParentObject: {fileID: 11458114, guid: 1ed1379a051a63f4091e0e0c9db32b2b,
    type: 2}
  m_PrefabInternal: {fileID: 0}
  m_GameObject: {fileID: 1158155461}
  m_Enabled: 1
  m_EditorHideFlags: 0
  m_Script: {fileID: 1392445389, guid: f5f67c52d1564df4a8936ccd202a3bd8, type: 3}
  m_Name: 
  m_EditorClassIdentifier: 
  m_Navigation:
    m_Mode: 3
    m_SelectOnUp: {fileID: 0}
    m_SelectOnDown: {fileID: 0}
    m_SelectOnLeft: {fileID: 0}
    m_SelectOnRight: {fileID: 0}
  m_Transition: 1
  m_Colors:
    m_NormalColor: {r: 1, g: 1, b: 1, a: 1}
    m_HighlightedColor: {r: .960784316, g: .960784316, b: .960784316, a: 1}
    m_PressedColor: {r: .784313738, g: .784313738, b: .784313738, a: 1}
    m_DisabledColor: {r: .784313738, g: .784313738, b: .784313738, a: .501960814}
    m_ColorMultiplier: 1
    m_FadeDuration: .100000001
  m_SpriteState:
    m_HighlightedSprite: {fileID: 0}
    m_PressedSprite: {fileID: 0}
    m_DisabledSprite: {fileID: 0}
  m_AnimationTriggers:
    m_NormalTrigger: Normal
    m_HighlightedTrigger: Highlighted
    m_PressedTrigger: Pressed
    m_DisabledTrigger: Disabled
  m_Interactable: 1
  m_TargetGraphic: {fileID: 1158155464}
  m_OnClick:
    m_PersistentCalls:
      m_Calls:
      - m_Target: {fileID: 409612007}
        m_MethodName: Pause
        m_Mode: 2
        m_Arguments:
          m_ObjectArgument: {fileID: 2132630999}
          m_ObjectArgumentAssemblyTypeName: UnityEngine.GameObject, UnityEngine, Version=0.0.0.0,
            Culture=neutral, PublicKeyToken=null
          m_IntArgument: 0
          m_FloatArgument: 0
          m_StringArgument: 
          m_BoolArgument: 0
        m_CallState: 2
    m_TypeName: UnityEngine.UI.Button+ButtonClickedEvent, UnityEngine.UI, Version=1.0.0.0,
      Culture=neutral, PublicKeyToken=null
--- !u!114 &1158155464
MonoBehaviour:
  m_ObjectHideFlags: 0
  m_PrefabParentObject: {fileID: 11461288, guid: 1ed1379a051a63f4091e0e0c9db32b2b,
    type: 2}
  m_PrefabInternal: {fileID: 0}
  m_GameObject: {fileID: 1158155461}
  m_Enabled: 1
  m_EditorHideFlags: 0
  m_Script: {fileID: -765806418, guid: f5f67c52d1564df4a8936ccd202a3bd8, type: 3}
  m_Name: 
  m_EditorClassIdentifier: 
  m_Material: {fileID: 0}
  m_Color: {r: 1, g: 1, b: 1, a: 1}
  m_Sprite: {fileID: 21300000, guid: d5090784cb5283e4082241e3c1d42132, type: 3}
  m_Type: 0
  m_PreserveAspect: 0
  m_FillCenter: 1
  m_FillMethod: 4
  m_FillAmount: 1
  m_FillClockwise: 1
  m_FillOrigin: 0
--- !u!222 &1158155465
CanvasRenderer:
  m_ObjectHideFlags: 0
  m_PrefabParentObject: {fileID: 22259710, guid: 1ed1379a051a63f4091e0e0c9db32b2b,
    type: 2}
  m_PrefabInternal: {fileID: 0}
  m_GameObject: {fileID: 1158155461}
--- !u!1001 &1218715378
Prefab:
  m_ObjectHideFlags: 0
  serializedVersion: 2
  m_Modification:
    m_TransformParent: {fileID: 0}
    m_Modifications:
    - target: {fileID: 400000, guid: 001f7fbc956516f43b3efb33920761e2, type: 2}
      propertyPath: m_LocalPosition.x
      value: -2.00999999
      objectReference: {fileID: 0}
    - target: {fileID: 400000, guid: 001f7fbc956516f43b3efb33920761e2, type: 2}
      propertyPath: m_LocalPosition.y
      value: 2.75915575
      objectReference: {fileID: 0}
    - target: {fileID: 400000, guid: 001f7fbc956516f43b3efb33920761e2, type: 2}
      propertyPath: m_LocalPosition.z
      value: 0
      objectReference: {fileID: 0}
    - target: {fileID: 400000, guid: 001f7fbc956516f43b3efb33920761e2, type: 2}
      propertyPath: m_LocalRotation.x
      value: 0
      objectReference: {fileID: 0}
    - target: {fileID: 400000, guid: 001f7fbc956516f43b3efb33920761e2, type: 2}
      propertyPath: m_LocalRotation.y
      value: 0
      objectReference: {fileID: 0}
    - target: {fileID: 400000, guid: 001f7fbc956516f43b3efb33920761e2, type: 2}
      propertyPath: m_LocalRotation.z
      value: 0
      objectReference: {fileID: 0}
    - target: {fileID: 400000, guid: 001f7fbc956516f43b3efb33920761e2, type: 2}
      propertyPath: m_LocalRotation.w
      value: 1
      objectReference: {fileID: 0}
    - target: {fileID: 100000, guid: 001f7fbc956516f43b3efb33920761e2, type: 2}
      propertyPath: m_Name
      value: Ball
      objectReference: {fileID: 0}
    - target: {fileID: 400000, guid: 001f7fbc956516f43b3efb33920761e2, type: 2}
      propertyPath: m_RootOrder
      value: 3
      objectReference: {fileID: 0}
    - target: {fileID: 11400002, guid: 001f7fbc956516f43b3efb33920761e2, type: 2}
      propertyPath: m_Enabled
      value: 0
      objectReference: {fileID: 0}
    - target: {fileID: 11400000, guid: 001f7fbc956516f43b3efb33920761e2, type: 2}
      propertyPath: bounceFinish
      value: 
      objectReference: {fileID: 8300000, guid: c6a7e9b8d76deac4dbcdad2e40f01275, type: 3}
    - target: {fileID: 11400000, guid: 001f7fbc956516f43b3efb33920761e2, type: 2}
      propertyPath: bounceMain
      value: 
      objectReference: {fileID: 8300000, guid: 494720419f5671848bc249f80d08449b, type: 3}
    - target: {fileID: 11400000, guid: 001f7fbc956516f43b3efb33920761e2, type: 2}
      propertyPath: bounce2
      value: 
      objectReference: {fileID: 8300000, guid: 7b9c0b733885b40438897f86d2cb14fb, type: 3}
    - target: {fileID: 11400000, guid: 001f7fbc956516f43b3efb33920761e2, type: 2}
      propertyPath: bounce3
      value: 
      objectReference: {fileID: 8300000, guid: 1afaf7e9d0f06f64c8d4bfdf5be9c3f4, type: 3}
    - target: {fileID: 8200000, guid: 001f7fbc956516f43b3efb33920761e2, type: 2}
      propertyPath: panLevelCustomCurve.m_Curve.Array.data[0].value
      value: 0
      objectReference: {fileID: 0}
    m_RemovedComponents: []
  m_ParentPrefab: {fileID: 100100000, guid: 001f7fbc956516f43b3efb33920761e2, type: 2}
  m_IsPrefabParent: 0
--- !u!1 &1318829148
GameObject:
  m_ObjectHideFlags: 0
  m_PrefabParentObject: {fileID: 0}
  m_PrefabInternal: {fileID: 0}
  serializedVersion: 4
  m_Component:
  - 224: {fileID: 1318829149}
  - 222: {fileID: 1318829151}
  - 114: {fileID: 1318829150}
  - 114: {fileID: 1318829152}
  m_Layer: 5
  m_Name: Text
  m_TagString: Untagged
  m_Icon: {fileID: 0}
  m_NavMeshLayer: 0
  m_StaticEditorFlags: 0
  m_IsActive: 1
--- !u!224 &1318829149
RectTransform:
  m_ObjectHideFlags: 0
  m_PrefabParentObject: {fileID: 0}
  m_PrefabInternal: {fileID: 0}
  m_GameObject: {fileID: 1318829148}
  m_LocalRotation: {x: 0, y: 0, z: 0, w: 1}
  m_LocalPosition: {x: 0, y: 0, z: 0}
  m_LocalScale: {x: 1, y: 1, z: 1}
  m_Children: []
  m_Father: {fileID: 651645538}
  m_RootOrder: 0
  m_AnchorMin: {x: .5, y: .5}
  m_AnchorMax: {x: .5, y: .5}
  m_AnchoredPosition: {x: 0, y: 30}
  m_SizeDelta: {x: 500, y: 300}
  m_Pivot: {x: .5, y: .5}
--- !u!114 &1318829150
MonoBehaviour:
  m_ObjectHideFlags: 0
  m_PrefabParentObject: {fileID: 0}
  m_PrefabInternal: {fileID: 0}
  m_GameObject: {fileID: 1318829148}
  m_Enabled: 1
  m_EditorHideFlags: 0
  m_Script: {fileID: 708705254, guid: f5f67c52d1564df4a8936ccd202a3bd8, type: 3}
  m_Name: 
  m_EditorClassIdentifier: 
  m_Material: {fileID: 0}
  m_Color: {r: .384313732, g: .384313732, b: .384313732, a: 1}
  m_FontData:
    m_Font: {fileID: 12800000, guid: 247cc88711fff2049b71c77d8317c239, type: 3}
    m_FontSize: 30
    m_FontStyle: 0
    m_BestFit: 0
    m_MinSize: 10
    m_MaxSize: 40
    m_Alignment: 4
    m_RichText: 1
    m_HorizontalOverflow: 0
    m_VerticalOverflow: 0
    m_LineSpacing: 1
  m_Text: "\u041F\u0440\u0435\u043A\u0440\u0430\u0441\u043D\u043E!\r\n\r\n\u0422\u044B
    \u043F\u043E\u043B\u043D\u043E\u0441\u0442\u044C\u044E \u0433\u043E\u0442\u043E\u0432
    \u043D\u0430\u0447\u0430\u0442\u044C \u0438\u0433\u0440\u0443.\r\n\r\n\u0423\u0434\u0430\u0447\u0438!"
--- !u!222 &1318829151
CanvasRenderer:
  m_ObjectHideFlags: 0
  m_PrefabParentObject: {fileID: 0}
  m_PrefabInternal: {fileID: 0}
  m_GameObject: {fileID: 1318829148}
--- !u!114 &1318829152
MonoBehaviour:
  m_ObjectHideFlags: 0
  m_PrefabParentObject: {fileID: 0}
  m_PrefabInternal: {fileID: 0}
  m_GameObject: {fileID: 1318829148}
  m_Enabled: 1
  m_EditorHideFlags: 0
  m_Script: {fileID: 11500000, guid: fd550eaaef9901e4b81c2efee05e0b3f, type: 3}
  m_Name: 
  m_EditorClassIdentifier: 
  engString: Great!  You are fully ready to start the game.  Good luck!
  rusString: "\u041F\u0440\u0435\u043A\u0440\u0430\u0441\u043D\u043E!  \u0422\u044B
    \u043F\u043E\u043B\u043D\u043E\u0441\u0442\u044C\u044E \u0433\u043E\u0442\u043E\u0432
    \u043D\u0430\u0447\u0430\u0442\u044C \u0438\u0433\u0440\u0443.  \u0423\u0434\u0430\u0447\u0438!"
--- !u!1 &1379430861
GameObject:
  m_ObjectHideFlags: 0
  m_PrefabParentObject: {fileID: 0}
  m_PrefabInternal: {fileID: 0}
  serializedVersion: 4
  m_Component:
  - 224: {fileID: 1379430862}
  - 222: {fileID: 1379430865}
  - 114: {fileID: 1379430864}
  - 114: {fileID: 1379430863}
  m_Layer: 5
  m_Name: Button
  m_TagString: Untagged
  m_Icon: {fileID: 0}
  m_NavMeshLayer: 0
  m_StaticEditorFlags: 0
  m_IsActive: 1
--- !u!224 &1379430862
RectTransform:
  m_ObjectHideFlags: 0
  m_PrefabParentObject: {fileID: 0}
  m_PrefabInternal: {fileID: 0}
  m_GameObject: {fileID: 1379430861}
  m_LocalRotation: {x: 0, y: 0, z: 0, w: 1}
  m_LocalPosition: {x: 0, y: 0, z: 0}
  m_LocalScale: {x: 1, y: 1, z: 1}
  m_Children: []
  m_Father: {fileID: 165347143}
  m_RootOrder: 1
  m_AnchorMin: {x: .5, y: .5}
  m_AnchorMax: {x: .5, y: .5}
  m_AnchoredPosition: {x: 0, y: -120}
  m_SizeDelta: {x: 69, y: 71}
  m_Pivot: {x: .5, y: .5}
--- !u!114 &1379430863
MonoBehaviour:
  m_ObjectHideFlags: 0
  m_PrefabParentObject: {fileID: 0}
  m_PrefabInternal: {fileID: 0}
  m_GameObject: {fileID: 1379430861}
  m_Enabled: 1
  m_EditorHideFlags: 0
  m_Script: {fileID: 1392445389, guid: f5f67c52d1564df4a8936ccd202a3bd8, type: 3}
  m_Name: 
  m_EditorClassIdentifier: 
  m_Navigation:
    m_Mode: 3
    m_SelectOnUp: {fileID: 0}
    m_SelectOnDown: {fileID: 0}
    m_SelectOnLeft: {fileID: 0}
    m_SelectOnRight: {fileID: 0}
  m_Transition: 1
  m_Colors:
    m_NormalColor: {r: 1, g: 1, b: 1, a: 1}
    m_HighlightedColor: {r: .960784316, g: .960784316, b: .960784316, a: 1}
    m_PressedColor: {r: .784313738, g: .784313738, b: .784313738, a: 1}
    m_DisabledColor: {r: .784313738, g: .784313738, b: .784313738, a: .501960814}
    m_ColorMultiplier: 1
    m_FadeDuration: .100000001
  m_SpriteState:
    m_HighlightedSprite: {fileID: 0}
    m_PressedSprite: {fileID: 0}
    m_DisabledSprite: {fileID: 0}
  m_AnimationTriggers:
    m_NormalTrigger: Normal
    m_HighlightedTrigger: Highlighted
    m_PressedTrigger: Pressed
    m_DisabledTrigger: Disabled
  m_Interactable: 1
  m_TargetGraphic: {fileID: 1379430864}
  m_OnClick:
    m_PersistentCalls:
      m_Calls:
      - m_Target: {fileID: 537671884}
        m_MethodName: HideAdditionMenu
        m_Mode: 2
        m_Arguments:
          m_ObjectArgument: {fileID: 165347142}
          m_ObjectArgumentAssemblyTypeName: UnityEngine.GameObject, UnityEngine, Version=0.0.0.0,
            Culture=neutral, PublicKeyToken=null
          m_IntArgument: 0
          m_FloatArgument: 0
          m_StringArgument: 
          m_BoolArgument: 0
        m_CallState: 2
    m_TypeName: UnityEngine.UI.Button+ButtonClickedEvent, UnityEngine.UI, Version=1.0.0.0,
      Culture=neutral, PublicKeyToken=null
--- !u!114 &1379430864
MonoBehaviour:
  m_ObjectHideFlags: 0
  m_PrefabParentObject: {fileID: 0}
  m_PrefabInternal: {fileID: 0}
  m_GameObject: {fileID: 1379430861}
  m_Enabled: 1
  m_EditorHideFlags: 0
  m_Script: {fileID: -765806418, guid: f5f67c52d1564df4a8936ccd202a3bd8, type: 3}
  m_Name: 
  m_EditorClassIdentifier: 
  m_Material: {fileID: 0}
  m_Color: {r: 1, g: 1, b: 1, a: 1}
  m_Sprite: {fileID: 21300000, guid: 4641c9e5600b9bc4ab741870b66b0d4a, type: 3}
  m_Type: 0
  m_PreserveAspect: 0
  m_FillCenter: 1
  m_FillMethod: 4
  m_FillAmount: 1
  m_FillClockwise: 1
  m_FillOrigin: 0
--- !u!222 &1379430865
CanvasRenderer:
  m_ObjectHideFlags: 0
  m_PrefabParentObject: {fileID: 0}
  m_PrefabInternal: {fileID: 0}
  m_GameObject: {fileID: 1379430861}
--- !u!1001 &1443371550
Prefab:
  m_ObjectHideFlags: 0
  serializedVersion: 2
  m_Modification:
    m_TransformParent: {fileID: 0}
    m_Modifications:
    - target: {fileID: 456856, guid: 147226c194e8f2e4881a090a2d561071, type: 2}
      propertyPath: m_LocalPosition.x
      value: 6.48000002
      objectReference: {fileID: 0}
    - target: {fileID: 456856, guid: 147226c194e8f2e4881a090a2d561071, type: 2}
      propertyPath: m_LocalPosition.y
      value: -.660000026
      objectReference: {fileID: 0}
    - target: {fileID: 456856, guid: 147226c194e8f2e4881a090a2d561071, type: 2}
      propertyPath: m_LocalPosition.z
      value: 0
      objectReference: {fileID: 0}
    - target: {fileID: 456856, guid: 147226c194e8f2e4881a090a2d561071, type: 2}
      propertyPath: m_LocalRotation.x
      value: 0
      objectReference: {fileID: 0}
    - target: {fileID: 456856, guid: 147226c194e8f2e4881a090a2d561071, type: 2}
      propertyPath: m_LocalRotation.y
      value: 0
      objectReference: {fileID: 0}
    - target: {fileID: 456856, guid: 147226c194e8f2e4881a090a2d561071, type: 2}
      propertyPath: m_LocalRotation.z
      value: 0
      objectReference: {fileID: 0}
    - target: {fileID: 456856, guid: 147226c194e8f2e4881a090a2d561071, type: 2}
      propertyPath: m_LocalRotation.w
      value: 1
      objectReference: {fileID: 0}
    - target: {fileID: 456856, guid: 147226c194e8f2e4881a090a2d561071, type: 2}
      propertyPath: m_RootOrder
      value: 7
      objectReference: {fileID: 0}
    m_RemovedComponents: []
  m_ParentPrefab: {fileID: 100100000, guid: 147226c194e8f2e4881a090a2d561071, type: 2}
  m_IsPrefabParent: 0
--- !u!1001 &1508633930
Prefab:
  m_ObjectHideFlags: 0
  serializedVersion: 2
  m_Modification:
    m_TransformParent: {fileID: 0}
    m_Modifications:
    - target: {fileID: 6032910, guid: b17c576c934aa1447b629da613df79c0, type: 2}
      propertyPath: m_Points.m_Paths.Array.data[0].Array.size
      value: 5
      objectReference: {fileID: 0}
    - target: {fileID: 472584, guid: b17c576c934aa1447b629da613df79c0, type: 2}
      propertyPath: m_LocalPosition.x
      value: -1.85000002
      objectReference: {fileID: 0}
    - target: {fileID: 472584, guid: b17c576c934aa1447b629da613df79c0, type: 2}
      propertyPath: m_LocalPosition.y
      value: -1.51999998
      objectReference: {fileID: 0}
    - target: {fileID: 472584, guid: b17c576c934aa1447b629da613df79c0, type: 2}
      propertyPath: m_LocalPosition.z
      value: 0
      objectReference: {fileID: 0}
    - target: {fileID: 472584, guid: b17c576c934aa1447b629da613df79c0, type: 2}
      propertyPath: m_LocalRotation.x
      value: 0
      objectReference: {fileID: 0}
    - target: {fileID: 472584, guid: b17c576c934aa1447b629da613df79c0, type: 2}
      propertyPath: m_LocalRotation.y
      value: 0
      objectReference: {fileID: 0}
    - target: {fileID: 472584, guid: b17c576c934aa1447b629da613df79c0, type: 2}
      propertyPath: m_LocalRotation.z
      value: 0
      objectReference: {fileID: 0}
    - target: {fileID: 472584, guid: b17c576c934aa1447b629da613df79c0, type: 2}
      propertyPath: m_LocalRotation.w
      value: 1
      objectReference: {fileID: 0}
    - target: {fileID: 472584, guid: b17c576c934aa1447b629da613df79c0, type: 2}
      propertyPath: m_RootOrder
      value: 0
      objectReference: {fileID: 0}
    - target: {fileID: 6032910, guid: b17c576c934aa1447b629da613df79c0, type: 2}
      propertyPath: m_Points.m_Paths.Array.data[0].Array.data[0].x
      value: 1.31500006
      objectReference: {fileID: 0}
    - target: {fileID: 6032910, guid: b17c576c934aa1447b629da613df79c0, type: 2}
      propertyPath: m_Points.m_Paths.Array.data[0].Array.data[0].y
      value: .209999993
      objectReference: {fileID: 0}
    - target: {fileID: 6032910, guid: b17c576c934aa1447b629da613df79c0, type: 2}
      propertyPath: m_Points.m_Paths.Array.data[0].Array.data[1].x
      value: -1.30499995
      objectReference: {fileID: 0}
    - target: {fileID: 6032910, guid: b17c576c934aa1447b629da613df79c0, type: 2}
      propertyPath: m_Points.m_Paths.Array.data[0].Array.data[1].y
      value: .209999993
      objectReference: {fileID: 0}
    - target: {fileID: 6032910, guid: b17c576c934aa1447b629da613df79c0, type: 2}
      propertyPath: m_Points.m_Paths.Array.data[0].Array.data[2].x
      value: -1.31500006
      objectReference: {fileID: 0}
    - target: {fileID: 6032910, guid: b17c576c934aa1447b629da613df79c0, type: 2}
      propertyPath: m_Points.m_Paths.Array.data[0].Array.data[2].y
      value: .189999998
      objectReference: {fileID: 0}
    - target: {fileID: 6032910, guid: b17c576c934aa1447b629da613df79c0, type: 2}
      propertyPath: m_Points.m_Paths.Array.data[0].Array.data[3].x
      value: -1.31500006
      objectReference: {fileID: 0}
    - target: {fileID: 6032910, guid: b17c576c934aa1447b629da613df79c0, type: 2}
      propertyPath: m_Points.m_Paths.Array.data[0].Array.data[3].y
      value: -.209999993
      objectReference: {fileID: 0}
    - target: {fileID: 6032910, guid: b17c576c934aa1447b629da613df79c0, type: 2}
      propertyPath: m_Points.m_Paths.Array.data[0].Array.data[4].x
      value: 1.31500006
      objectReference: {fileID: 0}
    - target: {fileID: 6032910, guid: b17c576c934aa1447b629da613df79c0, type: 2}
      propertyPath: m_Points.m_Paths.Array.data[0].Array.data[4].y
      value: -.209999993
      objectReference: {fileID: 0}
    m_RemovedComponents:
    - {fileID: 11449126, guid: b17c576c934aa1447b629da613df79c0, type: 2}
  m_ParentPrefab: {fileID: 100100000, guid: b17c576c934aa1447b629da613df79c0, type: 2}
  m_IsPrefabParent: 0
--- !u!1001 &1553526024
Prefab:
  m_ObjectHideFlags: 0
  serializedVersion: 2
  m_Modification:
    m_TransformParent: {fileID: 0}
    m_Modifications:
    - target: {fileID: 461062, guid: 7566273aba1c6ac4d83358b60404feb9, type: 2}
      propertyPath: m_LocalPosition.x
      value: -6.46999979
      objectReference: {fileID: 0}
    - target: {fileID: 461062, guid: 7566273aba1c6ac4d83358b60404feb9, type: 2}
      propertyPath: m_LocalPosition.y
      value: -1.00999999
      objectReference: {fileID: 0}
    - target: {fileID: 461062, guid: 7566273aba1c6ac4d83358b60404feb9, type: 2}
      propertyPath: m_LocalPosition.z
      value: 0
      objectReference: {fileID: 0}
    - target: {fileID: 461062, guid: 7566273aba1c6ac4d83358b60404feb9, type: 2}
      propertyPath: m_LocalRotation.x
      value: 0
      objectReference: {fileID: 0}
    - target: {fileID: 461062, guid: 7566273aba1c6ac4d83358b60404feb9, type: 2}
      propertyPath: m_LocalRotation.y
      value: 0
      objectReference: {fileID: 0}
    - target: {fileID: 461062, guid: 7566273aba1c6ac4d83358b60404feb9, type: 2}
      propertyPath: m_LocalRotation.z
      value: 0
      objectReference: {fileID: 0}
    - target: {fileID: 461062, guid: 7566273aba1c6ac4d83358b60404feb9, type: 2}
      propertyPath: m_LocalRotation.w
      value: 1
      objectReference: {fileID: 0}
    - target: {fileID: 461062, guid: 7566273aba1c6ac4d83358b60404feb9, type: 2}
      propertyPath: m_RootOrder
      value: 6
      objectReference: {fileID: 0}
    m_RemovedComponents: []
  m_ParentPrefab: {fileID: 100100000, guid: 7566273aba1c6ac4d83358b60404feb9, type: 2}
  m_IsPrefabParent: 0
--- !u!1 &1602839245
GameObject:
  m_ObjectHideFlags: 0
  m_PrefabParentObject: {fileID: 0}
  m_PrefabInternal: {fileID: 0}
  serializedVersion: 4
  m_Component:
  - 224: {fileID: 1602839248}
  - 222: {fileID: 1602839247}
  - 114: {fileID: 1602839246}
  - 114: {fileID: 1602839249}
  m_Layer: 5
  m_Name: Text
  m_TagString: Untagged
  m_Icon: {fileID: 0}
  m_NavMeshLayer: 0
  m_StaticEditorFlags: 0
  m_IsActive: 1
--- !u!114 &1602839246
MonoBehaviour:
  m_ObjectHideFlags: 0
  m_PrefabParentObject: {fileID: 0}
  m_PrefabInternal: {fileID: 0}
  m_GameObject: {fileID: 1602839245}
  m_Enabled: 1
  m_EditorHideFlags: 0
  m_Script: {fileID: 708705254, guid: f5f67c52d1564df4a8936ccd202a3bd8, type: 3}
  m_Name: 
  m_EditorClassIdentifier: 
  m_Material: {fileID: 0}
  m_Color: {r: .384313732, g: .384313732, b: .384313732, a: 1}
  m_FontData:
    m_Font: {fileID: 12800000, guid: 247cc88711fff2049b71c77d8317c239, type: 3}
    m_FontSize: 35
    m_FontStyle: 0
    m_BestFit: 0
    m_MinSize: 10
    m_MaxSize: 40
    m_Alignment: 4
    m_RichText: 1
    m_HorizontalOverflow: 0
    m_VerticalOverflow: 0
    m_LineSpacing: 1
  m_Text: "\u041F\u0440\u0435\u0432\u043E\u0441\u0445\u043E\u0434\u043D\u043E!\r\n\u041F\u043E\u043F\u0440\u043E\u0431\u0443\u0439
    \u043D\u0430\u0436\u0430\u0442\u044C \u043A\u043B\u0430\u0432\u0438\u0448\u0443
    \"\u0413\u0440\u0430\u0432\u0438\u0442\u0430\u0446\u0438\u044F\"."
--- !u!222 &1602839247
CanvasRenderer:
  m_ObjectHideFlags: 0
  m_PrefabParentObject: {fileID: 0}
  m_PrefabInternal: {fileID: 0}
  m_GameObject: {fileID: 1602839245}
--- !u!224 &1602839248
RectTransform:
  m_ObjectHideFlags: 0
  m_PrefabParentObject: {fileID: 0}
  m_PrefabInternal: {fileID: 0}
  m_GameObject: {fileID: 1602839245}
  m_LocalRotation: {x: 0, y: 0, z: 0, w: 1}
  m_LocalPosition: {x: 0, y: 0, z: 0}
  m_LocalScale: {x: 1, y: 1, z: 1}
  m_Children: []
  m_Father: {fileID: 781590945}
  m_RootOrder: 0
  m_AnchorMin: {x: .5, y: .5}
  m_AnchorMax: {x: .5, y: .5}
  m_AnchoredPosition: {x: 0, y: 0}
  m_SizeDelta: {x: 500, y: 300}
  m_Pivot: {x: .5, y: .5}
--- !u!114 &1602839249
MonoBehaviour:
  m_ObjectHideFlags: 0
  m_PrefabParentObject: {fileID: 0}
  m_PrefabInternal: {fileID: 0}
  m_GameObject: {fileID: 1602839245}
  m_Enabled: 1
  m_EditorHideFlags: 0
  m_Script: {fileID: 11500000, guid: fd550eaaef9901e4b81c2efee05e0b3f, type: 3}
  m_Name: 
  m_EditorClassIdentifier: 
  engString: Fantastic! Now,press the "Gravity" button.
  rusString: "\u041F\u0440\u0435\u0432\u043E\u0441\u0445\u043E\u0434\u043D\u043E!
    \u041F\u043E\u043F\u0440\u043E\u0431\u0443\u0439 \u043D\u0430\u0436\u0430\u0442\u044C
    \u043A\u043B\u0430\u0432\u0438\u0448\u0443 \"\u0413\u0440\u0430\u0432\u0438\u0442\u0430\u0446\u0438\u044F\"."
--- !u!1001 &1603433907
Prefab:
  m_ObjectHideFlags: 0
  serializedVersion: 2
  m_Modification:
    m_TransformParent: {fileID: 0}
    m_Modifications:
    - target: {fileID: 400000, guid: 1a056fcbe282b774e89c83cc1f01cdb2, type: 2}
      propertyPath: m_LocalPosition.x
      value: 0
      objectReference: {fileID: 0}
    - target: {fileID: 400000, guid: 1a056fcbe282b774e89c83cc1f01cdb2, type: 2}
      propertyPath: m_LocalPosition.y
      value: 0
      objectReference: {fileID: 0}
    - target: {fileID: 400000, guid: 1a056fcbe282b774e89c83cc1f01cdb2, type: 2}
      propertyPath: m_LocalPosition.z
      value: 1
      objectReference: {fileID: 0}
    - target: {fileID: 400000, guid: 1a056fcbe282b774e89c83cc1f01cdb2, type: 2}
      propertyPath: m_LocalRotation.x
      value: 0
      objectReference: {fileID: 0}
    - target: {fileID: 400000, guid: 1a056fcbe282b774e89c83cc1f01cdb2, type: 2}
      propertyPath: m_LocalRotation.y
      value: 0
      objectReference: {fileID: 0}
    - target: {fileID: 400000, guid: 1a056fcbe282b774e89c83cc1f01cdb2, type: 2}
      propertyPath: m_LocalRotation.z
      value: 0
      objectReference: {fileID: 0}
    - target: {fileID: 400000, guid: 1a056fcbe282b774e89c83cc1f01cdb2, type: 2}
      propertyPath: m_LocalRotation.w
      value: 1
      objectReference: {fileID: 0}
    - target: {fileID: 100000, guid: 1a056fcbe282b774e89c83cc1f01cdb2, type: 2}
      propertyPath: m_Layer
      value: 0
      objectReference: {fileID: 0}
    - target: {fileID: 400000, guid: 1a056fcbe282b774e89c83cc1f01cdb2, type: 2}
      propertyPath: m_RootOrder
      value: 4
      objectReference: {fileID: 0}
    - target: {fileID: 21200000, guid: 1a056fcbe282b774e89c83cc1f01cdb2, type: 2}
      propertyPath: m_Sprite
      value: 
      objectReference: {fileID: 21300000, guid: 1248bf6272da4404daf6143be2802bcc,
        type: 3}
    - target: {fileID: 400000, guid: 1a056fcbe282b774e89c83cc1f01cdb2, type: 2}
      propertyPath: m_LocalScale.x
      value: 1
      objectReference: {fileID: 0}
    - target: {fileID: 400000, guid: 1a056fcbe282b774e89c83cc1f01cdb2, type: 2}
      propertyPath: m_LocalScale.y
      value: 1
      objectReference: {fileID: 0}
    - target: {fileID: 400000, guid: 1a056fcbe282b774e89c83cc1f01cdb2, type: 2}
      propertyPath: m_LocalScale.z
      value: 1
      objectReference: {fileID: 0}
    - target: {fileID: 21200000, guid: 1a056fcbe282b774e89c83cc1f01cdb2, type: 2}
      propertyPath: m_Enabled
      value: 1
      objectReference: {fileID: 0}
    m_RemovedComponents: []
  m_ParentPrefab: {fileID: 100100000, guid: 1a056fcbe282b774e89c83cc1f01cdb2, type: 2}
  m_IsPrefabParent: 0
--- !u!1 &1603433908 stripped
GameObject:
  m_PrefabParentObject: {fileID: 100000, guid: 1a056fcbe282b774e89c83cc1f01cdb2, type: 2}
  m_PrefabInternal: {fileID: 1603433907}
--- !u!1 &1656494712
GameObject:
  m_ObjectHideFlags: 0
  m_PrefabParentObject: {fileID: 115240, guid: 1ed1379a051a63f4091e0e0c9db32b2b, type: 2}
  m_PrefabInternal: {fileID: 0}
  serializedVersion: 4
  m_Component:
  - 224: {fileID: 1656494713}
  - 222: {fileID: 1656494716}
  - 114: {fileID: 1656494715}
  - 114: {fileID: 1656494714}
  m_Layer: 5
  m_Name: PauseReloadButton
  m_TagString: Untagged
  m_Icon: {fileID: 0}
  m_NavMeshLayer: 0
  m_StaticEditorFlags: 0
  m_IsActive: 1
--- !u!224 &1656494713
RectTransform:
  m_ObjectHideFlags: 0
  m_PrefabParentObject: {fileID: 22473048, guid: 1ed1379a051a63f4091e0e0c9db32b2b,
    type: 2}
  m_PrefabInternal: {fileID: 0}
  m_GameObject: {fileID: 1656494712}
  m_LocalRotation: {x: 0, y: 0, z: 0, w: 1}
  m_LocalPosition: {x: 0, y: 0, z: 0}
  m_LocalScale: {x: 1, y: 1, z: 1}
  m_Children: []
  m_Father: {fileID: 704670382}
  m_RootOrder: 1
  m_AnchorMin: {x: .5, y: .5}
  m_AnchorMax: {x: .5, y: .5}
  m_AnchoredPosition: {x: 70, y: -20}
  m_SizeDelta: {x: 69, y: 71}
  m_Pivot: {x: .5, y: .5}
--- !u!114 &1656494714
MonoBehaviour:
  m_ObjectHideFlags: 0
  m_PrefabParentObject: {fileID: 11446546, guid: 1ed1379a051a63f4091e0e0c9db32b2b,
    type: 2}
  m_PrefabInternal: {fileID: 0}
  m_GameObject: {fileID: 1656494712}
  m_Enabled: 1
  m_EditorHideFlags: 0
  m_Script: {fileID: 1392445389, guid: f5f67c52d1564df4a8936ccd202a3bd8, type: 3}
  m_Name: 
  m_EditorClassIdentifier: 
  m_Navigation:
    m_Mode: 3
    m_SelectOnUp: {fileID: 0}
    m_SelectOnDown: {fileID: 0}
    m_SelectOnLeft: {fileID: 0}
    m_SelectOnRight: {fileID: 0}
  m_Transition: 1
  m_Colors:
    m_NormalColor: {r: 1, g: 1, b: 1, a: 1}
    m_HighlightedColor: {r: .960784316, g: .960784316, b: .960784316, a: 1}
    m_PressedColor: {r: .784313738, g: .784313738, b: .784313738, a: 1}
    m_DisabledColor: {r: .784313738, g: .784313738, b: .784313738, a: .501960814}
    m_ColorMultiplier: 1
    m_FadeDuration: .100000001
  m_SpriteState:
    m_HighlightedSprite: {fileID: 0}
    m_PressedSprite: {fileID: 0}
    m_DisabledSprite: {fileID: 0}
  m_AnimationTriggers:
    m_NormalTrigger: Normal
    m_HighlightedTrigger: Highlighted
    m_PressedTrigger: Pressed
    m_DisabledTrigger: Disabled
  m_Interactable: 1
  m_TargetGraphic: {fileID: 1656494715}
  m_OnClick:
    m_PersistentCalls:
      m_Calls:
      - m_Target: {fileID: 409612007}
        m_MethodName: PauseToReload
        m_Mode: 1
        m_Arguments:
          m_ObjectArgument: {fileID: 0}
          m_ObjectArgumentAssemblyTypeName: UnityEngine.Object, UnityEngine, Version=0.0.0.0,
            Culture=neutral, PublicKeyToken=null
          m_IntArgument: 0
          m_FloatArgument: 0
          m_StringArgument: 
          m_BoolArgument: 0
        m_CallState: 2
    m_TypeName: UnityEngine.UI.Button+ButtonClickedEvent, UnityEngine.UI, Version=1.0.0.0,
      Culture=neutral, PublicKeyToken=null
--- !u!114 &1656494715
MonoBehaviour:
  m_ObjectHideFlags: 0
  m_PrefabParentObject: {fileID: 11472248, guid: 1ed1379a051a63f4091e0e0c9db32b2b,
    type: 2}
  m_PrefabInternal: {fileID: 0}
  m_GameObject: {fileID: 1656494712}
  m_Enabled: 1
  m_EditorHideFlags: 0
  m_Script: {fileID: -765806418, guid: f5f67c52d1564df4a8936ccd202a3bd8, type: 3}
  m_Name: 
  m_EditorClassIdentifier: 
  m_Material: {fileID: 0}
  m_Color: {r: 1, g: 1, b: 1, a: 1}
  m_Sprite: {fileID: 21300000, guid: 68befe1d6d448d944920cd34630b49ac, type: 3}
  m_Type: 0
  m_PreserveAspect: 0
  m_FillCenter: 1
  m_FillMethod: 4
  m_FillAmount: 1
  m_FillClockwise: 1
  m_FillOrigin: 0
--- !u!222 &1656494716
CanvasRenderer:
  m_ObjectHideFlags: 0
  m_PrefabParentObject: {fileID: 22264342, guid: 1ed1379a051a63f4091e0e0c9db32b2b,
    type: 2}
  m_PrefabInternal: {fileID: 0}
  m_GameObject: {fileID: 1656494712}
--- !u!1 &1668085564 stripped
GameObject:
  m_PrefabParentObject: {fileID: 100000, guid: 001f7fbc956516f43b3efb33920761e2, type: 2}
  m_PrefabInternal: {fileID: 1218715378}
--- !u!1 &1823347327
GameObject:
  m_ObjectHideFlags: 0
  m_PrefabParentObject: {fileID: 0}
  m_PrefabInternal: {fileID: 0}
  serializedVersion: 4
  m_Component:
  - 224: {fileID: 1823347331}
  - 222: {fileID: 1823347330}
  - 114: {fileID: 1823347329}
  - 114: {fileID: 1823347328}
  m_Layer: 5
  m_Name: Button
  m_TagString: Untagged
  m_Icon: {fileID: 0}
  m_NavMeshLayer: 0
  m_StaticEditorFlags: 0
  m_IsActive: 1
--- !u!114 &1823347328
MonoBehaviour:
  m_ObjectHideFlags: 0
  m_PrefabParentObject: {fileID: 0}
  m_PrefabInternal: {fileID: 0}
  m_GameObject: {fileID: 1823347327}
  m_Enabled: 1
  m_EditorHideFlags: 0
  m_Script: {fileID: 1392445389, guid: f5f67c52d1564df4a8936ccd202a3bd8, type: 3}
  m_Name: 
  m_EditorClassIdentifier: 
  m_Navigation:
    m_Mode: 3
    m_SelectOnUp: {fileID: 0}
    m_SelectOnDown: {fileID: 0}
    m_SelectOnLeft: {fileID: 0}
    m_SelectOnRight: {fileID: 0}
  m_Transition: 1
  m_Colors:
    m_NormalColor: {r: 1, g: 1, b: 1, a: 1}
    m_HighlightedColor: {r: .960784316, g: .960784316, b: .960784316, a: 1}
    m_PressedColor: {r: .784313738, g: .784313738, b: .784313738, a: 1}
    m_DisabledColor: {r: .784313738, g: .784313738, b: .784313738, a: .501960814}
    m_ColorMultiplier: 1
    m_FadeDuration: .100000001
  m_SpriteState:
    m_HighlightedSprite: {fileID: 0}
    m_PressedSprite: {fileID: 0}
    m_DisabledSprite: {fileID: 0}
  m_AnimationTriggers:
    m_NormalTrigger: Normal
    m_HighlightedTrigger: Highlighted
    m_PressedTrigger: Pressed
    m_DisabledTrigger: Disabled
  m_Interactable: 1
  m_TargetGraphic: {fileID: 1823347329}
  m_OnClick:
    m_PersistentCalls:
      m_Calls:
      - m_Target: {fileID: 537671884}
        m_MethodName: HideAdditionMenu
        m_Mode: 2
        m_Arguments:
          m_ObjectArgument: {fileID: 781590942}
          m_ObjectArgumentAssemblyTypeName: UnityEngine.GameObject, UnityEngine, Version=0.0.0.0,
            Culture=neutral, PublicKeyToken=null
          m_IntArgument: 0
          m_FloatArgument: 0
          m_StringArgument: 
          m_BoolArgument: 0
        m_CallState: 2
      - m_Target: {fileID: 537671884}
        m_MethodName: Tutorial2Step1
        m_Mode: 1
        m_Arguments:
          m_ObjectArgument: {fileID: 0}
          m_ObjectArgumentAssemblyTypeName: UnityEngine.Object, UnityEngine, Version=0.0.0.0,
            Culture=neutral, PublicKeyToken=null
          m_IntArgument: 0
          m_FloatArgument: 0
          m_StringArgument: 
          m_BoolArgument: 0
        m_CallState: 2
    m_TypeName: UnityEngine.UI.Button+ButtonClickedEvent, UnityEngine.UI, Version=1.0.0.0,
      Culture=neutral, PublicKeyToken=null
--- !u!114 &1823347329
MonoBehaviour:
  m_ObjectHideFlags: 0
  m_PrefabParentObject: {fileID: 0}
  m_PrefabInternal: {fileID: 0}
  m_GameObject: {fileID: 1823347327}
  m_Enabled: 1
  m_EditorHideFlags: 0
  m_Script: {fileID: -765806418, guid: f5f67c52d1564df4a8936ccd202a3bd8, type: 3}
  m_Name: 
  m_EditorClassIdentifier: 
  m_Material: {fileID: 0}
  m_Color: {r: 1, g: 1, b: 1, a: 1}
  m_Sprite: {fileID: 21300000, guid: 4641c9e5600b9bc4ab741870b66b0d4a, type: 3}
  m_Type: 0
  m_PreserveAspect: 0
  m_FillCenter: 1
  m_FillMethod: 4
  m_FillAmount: 1
  m_FillClockwise: 1
  m_FillOrigin: 0
--- !u!222 &1823347330
CanvasRenderer:
  m_ObjectHideFlags: 0
  m_PrefabParentObject: {fileID: 0}
  m_PrefabInternal: {fileID: 0}
  m_GameObject: {fileID: 1823347327}
--- !u!224 &1823347331
RectTransform:
  m_ObjectHideFlags: 0
  m_PrefabParentObject: {fileID: 0}
  m_PrefabInternal: {fileID: 0}
  m_GameObject: {fileID: 1823347327}
  m_LocalRotation: {x: 0, y: 0, z: 0, w: 1}
  m_LocalPosition: {x: 0, y: 0, z: 0}
  m_LocalScale: {x: 1, y: 1, z: 1}
  m_Children: []
  m_Father: {fileID: 781590945}
  m_RootOrder: 1
  m_AnchorMin: {x: .5, y: .5}
  m_AnchorMax: {x: .5, y: .5}
  m_AnchoredPosition: {x: 0, y: -120}
  m_SizeDelta: {x: 69, y: 71}
  m_Pivot: {x: .5, y: .5}
--- !u!1 &1849160055
GameObject:
  m_ObjectHideFlags: 0
  m_PrefabParentObject: {fileID: 0}
  m_PrefabInternal: {fileID: 0}
  serializedVersion: 4
  m_Component:
  - 224: {fileID: 1849160056}
  - 222: {fileID: 1849160059}
  - 114: {fileID: 1849160058}
  - 114: {fileID: 1849160057}
  - 114: {fileID: 1849160060}
  m_Layer: 5
  m_Name: GravityOn
  m_TagString: Untagged
  m_Icon: {fileID: 0}
  m_NavMeshLayer: 0
  m_StaticEditorFlags: 0
  m_IsActive: 1
--- !u!224 &1849160056
RectTransform:
  m_ObjectHideFlags: 0
  m_PrefabParentObject: {fileID: 0}
  m_PrefabInternal: {fileID: 0}
  m_GameObject: {fileID: 1849160055}
  m_LocalRotation: {x: 0, y: 0, z: 0, w: 1}
  m_LocalPosition: {x: 0, y: 0, z: 0}
  m_LocalScale: {x: 1, y: 1, z: 1}
  m_Children: []
  m_Father: {fileID: 201286071}
  m_RootOrder: 1
  m_AnchorMin: {x: 1, y: 1}
  m_AnchorMax: {x: 1, y: 1}
  m_AnchoredPosition: {x: -150, y: -50}
  m_SizeDelta: {x: 152, y: 50}
  m_Pivot: {x: .5, y: .5}
--- !u!114 &1849160057
MonoBehaviour:
  m_ObjectHideFlags: 0
  m_PrefabParentObject: {fileID: 0}
  m_PrefabInternal: {fileID: 0}
  m_GameObject: {fileID: 1849160055}
  m_Enabled: 1
  m_EditorHideFlags: 0
  m_Script: {fileID: 1392445389, guid: f5f67c52d1564df4a8936ccd202a3bd8, type: 3}
  m_Name: 
  m_EditorClassIdentifier: 
  m_Navigation:
    m_Mode: 3
    m_SelectOnUp: {fileID: 0}
    m_SelectOnDown: {fileID: 0}
    m_SelectOnLeft: {fileID: 0}
    m_SelectOnRight: {fileID: 0}
  m_Transition: 1
  m_Colors:
    m_NormalColor: {r: 1, g: 1, b: 1, a: 1}
    m_HighlightedColor: {r: .960784316, g: .960784316, b: .960784316, a: 1}
    m_PressedColor: {r: .784313738, g: .784313738, b: .784313738, a: 1}
    m_DisabledColor: {r: .784313738, g: .784313738, b: .784313738, a: .501960814}
    m_ColorMultiplier: 1
    m_FadeDuration: .100000001
  m_SpriteState:
    m_HighlightedSprite: {fileID: 0}
    m_PressedSprite: {fileID: 0}
    m_DisabledSprite: {fileID: 0}
  m_AnimationTriggers:
    m_NormalTrigger: Normal
    m_HighlightedTrigger: Highlighted
    m_PressedTrigger: Pressed
    m_DisabledTrigger: Disabled
  m_Interactable: 1
  m_TargetGraphic: {fileID: 1849160058}
  m_OnClick:
    m_PersistentCalls:
      m_Calls:
      - m_Target: {fileID: 537671884}
        m_MethodName: Tutorial2Step3
        m_Mode: 1
        m_Arguments:
          m_ObjectArgument: {fileID: 0}
          m_ObjectArgumentAssemblyTypeName: UnityEngine.Object, UnityEngine, Version=0.0.0.0,
            Culture=neutral, PublicKeyToken=null
          m_IntArgument: 0
          m_FloatArgument: 0
          m_StringArgument: 
          m_BoolArgument: 0
        m_CallState: 2
      - m_Target: {fileID: 409612007}
        m_MethodName: GravitySound
        m_Mode: 1
        m_Arguments:
          m_ObjectArgument: {fileID: 0}
          m_ObjectArgumentAssemblyTypeName: UnityEngine.Object, UnityEngine, Version=0.0.0.0,
            Culture=neutral, PublicKeyToken=null
          m_IntArgument: 0
          m_FloatArgument: 0
          m_StringArgument: 
          m_BoolArgument: 0
        m_CallState: 2
    m_TypeName: UnityEngine.UI.Button+ButtonClickedEvent, UnityEngine.UI, Version=1.0.0.0,
      Culture=neutral, PublicKeyToken=null
--- !u!114 &1849160058
MonoBehaviour:
  m_ObjectHideFlags: 0
  m_PrefabParentObject: {fileID: 0}
  m_PrefabInternal: {fileID: 0}
  m_GameObject: {fileID: 1849160055}
  m_Enabled: 1
  m_EditorHideFlags: 0
  m_Script: {fileID: -765806418, guid: f5f67c52d1564df4a8936ccd202a3bd8, type: 3}
  m_Name: 
  m_EditorClassIdentifier: 
  m_Material: {fileID: 0}
  m_Color: {r: 1, g: 1, b: 1, a: 1}
  m_Sprite: {fileID: 21300000, guid: 3c2fd07eb635cf14ab475ebdccf03ae2, type: 3}
  m_Type: 0
  m_PreserveAspect: 0
  m_FillCenter: 1
  m_FillMethod: 4
  m_FillAmount: 1
  m_FillClockwise: 1
  m_FillOrigin: 0
--- !u!222 &1849160059
CanvasRenderer:
  m_ObjectHideFlags: 0
  m_PrefabParentObject: {fileID: 0}
  m_PrefabInternal: {fileID: 0}
  m_GameObject: {fileID: 1849160055}
--- !u!114 &1849160060
MonoBehaviour:
  m_ObjectHideFlags: 0
  m_PrefabParentObject: {fileID: 0}
  m_PrefabInternal: {fileID: 0}
  m_GameObject: {fileID: 1849160055}
  m_Enabled: 1
  m_EditorHideFlags: 0
  m_Script: {fileID: 11500000, guid: 4aec4b0e57601b14995859e16099ae4a, type: 3}
  m_Name: 
  m_EditorClassIdentifier: 
  engSprite: {fileID: 21300000, guid: 3c2fd07eb635cf14ab475ebdccf03ae2, type: 3}
  rusSprite: {fileID: 21300000, guid: 558fcd986037ea249af9605c2fc3260a, type: 3}
--- !u!1 &1966791437 stripped
GameObject:
  m_PrefabParentObject: {fileID: 100000, guid: 676b68c0efda42a48b513a52a9d5342a, type: 2}
  m_PrefabInternal: {fileID: 315148814}
--- !u!114 &1966791443
MonoBehaviour:
  m_ObjectHideFlags: 0
  m_PrefabParentObject: {fileID: 0}
  m_PrefabInternal: {fileID: 0}
  m_GameObject: {fileID: 1966791437}
  m_Enabled: 1
  m_EditorHideFlags: 0
  m_Script: {fileID: 11500000, guid: a3a7e720ae5a1cc4a95b6803839995e0, type: 3}
  m_Name: 
  m_EditorClassIdentifier: 
  mySkin: {fileID: 11400000, guid: 33a41857273694e4fa5836503c75ed97, type: 2}
  tutorialSkin: {fileID: 11400000, guid: a6ace66b921b623458b62232c872a4fb, type: 2}
  ball: {fileID: 100000, guid: 001f7fbc956516f43b3efb33920761e2, type: 2}
  object1: {fileID: 489126936}
  objectWithRotation1: {fileID: 489126936}
  gravityScaleObj1: 1
  tutorialDrag: 0
  tutorialRotate: 0
  tutorialStart: 0
  tutorialFixed: 0
  tutorialPlayed0: 0
  tutorialPlayed1: 0
  tutorialPlayed2: 0
  isStep2: 0
  isStep3: 0
  isStep3Fix: 0
  PannelTutorial1: {fileID: 781590942}
  PannelTutorial1Ypos: 0
  PannelTutorial2: {fileID: 165347142}
  PannelTutorial3: {fileID: 651645537}
--- !u!1001 &2023509191
Prefab:
  m_ObjectHideFlags: 0
  serializedVersion: 2
  m_Modification:
    m_TransformParent: {fileID: 0}
    m_Modifications:
    - target: {fileID: 433696, guid: 4438b3e21761909419956583a506b292, type: 2}
      propertyPath: m_LocalPosition.x
      value: 0
      objectReference: {fileID: 0}
    - target: {fileID: 433696, guid: 4438b3e21761909419956583a506b292, type: 2}
      propertyPath: m_LocalPosition.y
      value: 0
      objectReference: {fileID: 0}
    - target: {fileID: 433696, guid: 4438b3e21761909419956583a506b292, type: 2}
      propertyPath: m_LocalPosition.z
      value: 0
      objectReference: {fileID: 0}
    - target: {fileID: 433696, guid: 4438b3e21761909419956583a506b292, type: 2}
      propertyPath: m_LocalRotation.x
      value: 0
      objectReference: {fileID: 0}
    - target: {fileID: 433696, guid: 4438b3e21761909419956583a506b292, type: 2}
      propertyPath: m_LocalRotation.y
      value: 0
      objectReference: {fileID: 0}
    - target: {fileID: 433696, guid: 4438b3e21761909419956583a506b292, type: 2}
      propertyPath: m_LocalRotation.z
      value: 0
      objectReference: {fileID: 0}
    - target: {fileID: 433696, guid: 4438b3e21761909419956583a506b292, type: 2}
      propertyPath: m_LocalRotation.w
      value: 1
      objectReference: {fileID: 0}
    - target: {fileID: 433696, guid: 4438b3e21761909419956583a506b292, type: 2}
      propertyPath: m_RootOrder
      value: 11
      objectReference: {fileID: 0}
    m_RemovedComponents: []
  m_ParentPrefab: {fileID: 100100000, guid: 4438b3e21761909419956583a506b292, type: 2}
  m_IsPrefabParent: 0
--- !u!1 &2067032998
GameObject:
  m_ObjectHideFlags: 0
  m_PrefabParentObject: {fileID: 115624, guid: 1ed1379a051a63f4091e0e0c9db32b2b, type: 2}
  m_PrefabInternal: {fileID: 0}
  serializedVersion: 4
  m_Component:
  - 224: {fileID: 2067033002}
  - 222: {fileID: 2067033001}
  - 114: {fileID: 2067033000}
  - 114: {fileID: 2067032999}
  m_Layer: 5
  m_Name: PauseCloseButton
  m_TagString: Untagged
  m_Icon: {fileID: 0}
  m_NavMeshLayer: 0
  m_StaticEditorFlags: 0
  m_IsActive: 1
--- !u!114 &2067032999
MonoBehaviour:
  m_ObjectHideFlags: 0
  m_PrefabParentObject: {fileID: 11456016, guid: 1ed1379a051a63f4091e0e0c9db32b2b,
    type: 2}
  m_PrefabInternal: {fileID: 0}
  m_GameObject: {fileID: 2067032998}
  m_Enabled: 1
  m_EditorHideFlags: 0
  m_Script: {fileID: 1392445389, guid: f5f67c52d1564df4a8936ccd202a3bd8, type: 3}
  m_Name: 
  m_EditorClassIdentifier: 
  m_Navigation:
    m_Mode: 3
    m_SelectOnUp: {fileID: 0}
    m_SelectOnDown: {fileID: 0}
    m_SelectOnLeft: {fileID: 0}
    m_SelectOnRight: {fileID: 0}
  m_Transition: 1
  m_Colors:
    m_NormalColor: {r: 1, g: 1, b: 1, a: 1}
    m_HighlightedColor: {r: .960784316, g: .960784316, b: .960784316, a: 1}
    m_PressedColor: {r: .784313738, g: .784313738, b: .784313738, a: 1}
    m_DisabledColor: {r: .784313738, g: .784313738, b: .784313738, a: .501960814}
    m_ColorMultiplier: 1
    m_FadeDuration: .100000001
  m_SpriteState:
    m_HighlightedSprite: {fileID: 0}
    m_PressedSprite: {fileID: 0}
    m_DisabledSprite: {fileID: 0}
  m_AnimationTriggers:
    m_NormalTrigger: Normal
    m_HighlightedTrigger: Highlighted
    m_PressedTrigger: Pressed
    m_DisabledTrigger: Disabled
  m_Interactable: 1
  m_TargetGraphic: {fileID: 2067033000}
  m_OnClick:
    m_PersistentCalls:
      m_Calls:
      - m_Target: {fileID: 409612007}
        m_MethodName: HideAdditionMenu
        m_Mode: 2
        m_Arguments:
          m_ObjectArgument: {fileID: 2132630999}
          m_ObjectArgumentAssemblyTypeName: UnityEngine.GameObject, UnityEngine, Version=0.0.0.0,
            Culture=neutral, PublicKeyToken=null
          m_IntArgument: 0
          m_FloatArgument: 0
          m_StringArgument: 
          m_BoolArgument: 0
        m_CallState: 2
      - m_Target: {fileID: 409612007}
        m_MethodName: PauseToReturn
        m_Mode: 1
        m_Arguments:
          m_ObjectArgument: {fileID: 0}
          m_ObjectArgumentAssemblyTypeName: UnityEngine.Object, UnityEngine, Version=0.0.0.0,
            Culture=neutral, PublicKeyToken=null
          m_IntArgument: 0
          m_FloatArgument: 0
          m_StringArgument: 
          m_BoolArgument: 0
        m_CallState: 2
    m_TypeName: UnityEngine.UI.Button+ButtonClickedEvent, UnityEngine.UI, Version=1.0.0.0,
      Culture=neutral, PublicKeyToken=null
--- !u!114 &2067033000
MonoBehaviour:
  m_ObjectHideFlags: 0
  m_PrefabParentObject: {fileID: 11436852, guid: 1ed1379a051a63f4091e0e0c9db32b2b,
    type: 2}
  m_PrefabInternal: {fileID: 0}
  m_GameObject: {fileID: 2067032998}
  m_Enabled: 1
  m_EditorHideFlags: 0
  m_Script: {fileID: -765806418, guid: f5f67c52d1564df4a8936ccd202a3bd8, type: 3}
  m_Name: 
  m_EditorClassIdentifier: 
  m_Material: {fileID: 0}
  m_Color: {r: 1, g: 1, b: 1, a: 1}
  m_Sprite: {fileID: 21300000, guid: d1d6ad1cbb53594458aac71a1011eff3, type: 3}
  m_Type: 0
  m_PreserveAspect: 0
  m_FillCenter: 1
  m_FillMethod: 4
  m_FillAmount: 1
  m_FillClockwise: 1
  m_FillOrigin: 0
--- !u!222 &2067033001
CanvasRenderer:
  m_ObjectHideFlags: 0
  m_PrefabParentObject: {fileID: 22253726, guid: 1ed1379a051a63f4091e0e0c9db32b2b,
    type: 2}
  m_PrefabInternal: {fileID: 0}
  m_GameObject: {fileID: 2067032998}
--- !u!224 &2067033002
RectTransform:
  m_ObjectHideFlags: 0
  m_PrefabParentObject: {fileID: 22441484, guid: 1ed1379a051a63f4091e0e0c9db32b2b,
    type: 2}
  m_PrefabInternal: {fileID: 0}
  m_GameObject: {fileID: 2067032998}
  m_LocalRotation: {x: 0, y: 0, z: 0, w: 1}
  m_LocalPosition: {x: 0, y: 0, z: 0}
  m_LocalScale: {x: 1, y: 1, z: 1}
  m_Children: []
  m_Father: {fileID: 704670382}
  m_RootOrder: 2
  m_AnchorMin: {x: 1, y: 1}
  m_AnchorMax: {x: 1, y: 1}
  m_AnchoredPosition: {x: -10, y: -40}
  m_SizeDelta: {x: 69, y: 71}
  m_Pivot: {x: .5, y: .5}
--- !u!1001 &2125063962
Prefab:
  m_ObjectHideFlags: 0
  serializedVersion: 2
  m_Modification:
    m_TransformParent: {fileID: 0}
    m_Modifications:
    - target: {fileID: 400000, guid: f62ac7c088327d44ea95ce13b9112fd2, type: 2}
      propertyPath: m_LocalPosition.x
      value: 1.20000005
      objectReference: {fileID: 0}
    - target: {fileID: 400000, guid: f62ac7c088327d44ea95ce13b9112fd2, type: 2}
      propertyPath: m_LocalPosition.y
      value: -3.09200001
      objectReference: {fileID: 0}
    - target: {fileID: 400000, guid: f62ac7c088327d44ea95ce13b9112fd2, type: 2}
      propertyPath: m_LocalPosition.z
      value: 0
      objectReference: {fileID: 0}
    - target: {fileID: 400000, guid: f62ac7c088327d44ea95ce13b9112fd2, type: 2}
      propertyPath: m_LocalRotation.x
      value: 0
      objectReference: {fileID: 0}
    - target: {fileID: 400000, guid: f62ac7c088327d44ea95ce13b9112fd2, type: 2}
      propertyPath: m_LocalRotation.y
      value: 0
      objectReference: {fileID: 0}
    - target: {fileID: 400000, guid: f62ac7c088327d44ea95ce13b9112fd2, type: 2}
      propertyPath: m_LocalRotation.z
      value: 0
      objectReference: {fileID: 0}
    - target: {fileID: 400000, guid: f62ac7c088327d44ea95ce13b9112fd2, type: 2}
      propertyPath: m_LocalRotation.w
      value: 1
      objectReference: {fileID: 0}
    - target: {fileID: 21200000, guid: f62ac7c088327d44ea95ce13b9112fd2, type: 2}
      propertyPath: m_Enabled
      value: 0
      objectReference: {fileID: 0}
    - target: {fileID: 400000, guid: f62ac7c088327d44ea95ce13b9112fd2, type: 2}
      propertyPath: m_RootOrder
      value: 5
      objectReference: {fileID: 0}
    m_RemovedComponents: []
  m_ParentPrefab: {fileID: 100100000, guid: f62ac7c088327d44ea95ce13b9112fd2, type: 2}
  m_IsPrefabParent: 0
--- !u!1 &2125063963 stripped
GameObject:
  m_PrefabParentObject: {fileID: 100000, guid: f62ac7c088327d44ea95ce13b9112fd2, type: 2}
  m_PrefabInternal: {fileID: 2125063962}
--- !u!114 &2125063964
MonoBehaviour:
  m_ObjectHideFlags: 0
  m_PrefabParentObject: {fileID: 0}
  m_PrefabInternal: {fileID: 0}
  m_GameObject: {fileID: 2125063963}
  m_Enabled: 1
  m_EditorHideFlags: 0
  m_Script: {fileID: 11500000, guid: 4e2cccd9ab6f5824e94ffd4dae694daa, type: 3}
  m_Name: 
  m_EditorClassIdentifier: 
--- !u!82 &2125063965
AudioSource:
  m_ObjectHideFlags: 0
  m_PrefabParentObject: {fileID: 0}
  m_PrefabInternal: {fileID: 0}
  m_GameObject: {fileID: 2125063963}
  m_Enabled: 1
  serializedVersion: 4
  OutputAudioMixerGroup: {fileID: 0}
  m_audioClip: {fileID: 8300000, guid: 8885195e04c32694b8ae9e6c3567ad58, type: 3}
  m_PlayOnAwake: 0
  m_Volume: 1
  m_Pitch: 1
  Loop: 0
  Mute: 0
  Priority: 128
  DopplerLevel: 1
  MinDistance: 1
  MaxDistance: 500
  Pan2D: 0
  rolloffMode: 0
  BypassEffects: 0
  BypassListenerEffects: 0
  BypassReverbZones: 0
  rolloffCustomCurve:
    serializedVersion: 2
    m_Curve:
    - time: 0
      value: 1
      inSlope: 0
      outSlope: 0
      tangentMode: 0
    - time: 1
      value: 0
      inSlope: 0
      outSlope: 0
      tangentMode: 0
    m_PreInfinity: 2
    m_PostInfinity: 2
  panLevelCustomCurve:
    serializedVersion: 2
    m_Curve:
    - time: 0
      value: 1
      inSlope: 0
      outSlope: 0
      tangentMode: 0
    m_PreInfinity: 2
    m_PostInfinity: 2
  spreadCustomCurve:
    serializedVersion: 2
    m_Curve:
    - time: 0
      value: 0
      inSlope: 0
      outSlope: 0
      tangentMode: 0
    m_PreInfinity: 2
    m_PostInfinity: 2
  reverbZoneMixCustomCurve:
    serializedVersion: 2
    m_Curve:
    - time: 0
      value: 1
      inSlope: 0
      outSlope: 0
      tangentMode: 0
    m_PreInfinity: 2
    m_PostInfinity: 2
--- !u!1 &2132630999
GameObject:
  m_ObjectHideFlags: 0
  m_PrefabParentObject: {fileID: 129894, guid: 1ed1379a051a63f4091e0e0c9db32b2b, type: 2}
  m_PrefabInternal: {fileID: 0}
  serializedVersion: 4
  m_Component:
  - 224: {fileID: 2132631000}
  - 222: {fileID: 2132631003}
  - 114: {fileID: 2132631002}
  - 114: {fileID: 2132631001}
  m_Layer: 5
  m_Name: PausePanel
  m_TagString: Untagged
  m_Icon: {fileID: 0}
  m_NavMeshLayer: 0
  m_StaticEditorFlags: 0
  m_IsActive: 1
--- !u!224 &2132631000
RectTransform:
  m_ObjectHideFlags: 0
  m_PrefabParentObject: {fileID: 22447236, guid: 1ed1379a051a63f4091e0e0c9db32b2b,
    type: 2}
  m_PrefabInternal: {fileID: 0}
  m_GameObject: {fileID: 2132630999}
  m_LocalRotation: {x: 0, y: 0, z: 0, w: 1}
  m_LocalPosition: {x: 0, y: 0, z: 1}
  m_LocalScale: {x: 1, y: 1, z: 1}
  m_Children:
  - {fileID: 704670382}
  m_Father: {fileID: 803943858}
  m_RootOrder: 1
  m_AnchorMin: {x: .5, y: .5}
  m_AnchorMax: {x: .5, y: .5}
  m_AnchoredPosition: {x: 0, y: 1200}
  m_SizeDelta: {x: 1280, y: 720}
  m_Pivot: {x: .5, y: .5}
--- !u!114 &2132631001
MonoBehaviour:
  m_ObjectHideFlags: 0
  m_PrefabParentObject: {fileID: 11424554, guid: 1ed1379a051a63f4091e0e0c9db32b2b,
    type: 2}
  m_PrefabInternal: {fileID: 0}
  m_GameObject: {fileID: 2132630999}
  m_Enabled: 1
  m_EditorHideFlags: 0
  m_Script: {fileID: 1392445389, guid: f5f67c52d1564df4a8936ccd202a3bd8, type: 3}
  m_Name: 
  m_EditorClassIdentifier: 
  m_Navigation:
    m_Mode: 3
    m_SelectOnUp: {fileID: 0}
    m_SelectOnDown: {fileID: 0}
    m_SelectOnLeft: {fileID: 0}
    m_SelectOnRight: {fileID: 0}
  m_Transition: 1
  m_Colors:
    m_NormalColor: {r: 1, g: 1, b: 1, a: 1}
    m_HighlightedColor: {r: .960784316, g: .960784316, b: .960784316, a: 1}
    m_PressedColor: {r: .784313738, g: .784313738, b: .784313738, a: 1}
    m_DisabledColor: {r: .784313738, g: .784313738, b: .784313738, a: .501960814}
    m_ColorMultiplier: 1
    m_FadeDuration: .100000001
  m_SpriteState:
    m_HighlightedSprite: {fileID: 0}
    m_PressedSprite: {fileID: 0}
    m_DisabledSprite: {fileID: 0}
  m_AnimationTriggers:
    m_NormalTrigger: Normal
    m_HighlightedTrigger: Highlighted
    m_PressedTrigger: Pressed
    m_DisabledTrigger: Disabled
  m_Interactable: 1
  m_TargetGraphic: {fileID: 2132631002}
  m_OnClick:
    m_PersistentCalls:
      m_Calls: []
    m_TypeName: UnityEngine.UI.Button+ButtonClickedEvent, UnityEngine.UI, Version=1.0.0.0,
      Culture=neutral, PublicKeyToken=null
--- !u!114 &2132631002
MonoBehaviour:
  m_ObjectHideFlags: 0
  m_PrefabParentObject: {fileID: 11413822, guid: 1ed1379a051a63f4091e0e0c9db32b2b,
    type: 2}
  m_PrefabInternal: {fileID: 0}
  m_GameObject: {fileID: 2132630999}
  m_Enabled: 1
  m_EditorHideFlags: 0
  m_Script: {fileID: -765806418, guid: f5f67c52d1564df4a8936ccd202a3bd8, type: 3}
  m_Name: 
  m_EditorClassIdentifier: 
  m_Material: {fileID: 0}
  m_Color: {r: .760784388, g: .760784388, b: .760784388, a: 0}
  m_Sprite: {fileID: 0}
  m_Type: 0
  m_PreserveAspect: 0
  m_FillCenter: 1
  m_FillMethod: 4
  m_FillAmount: 1
  m_FillClockwise: 1
  m_FillOrigin: 0
--- !u!222 &2132631003
CanvasRenderer:
  m_ObjectHideFlags: 0
  m_PrefabParentObject: {fileID: 22289792, guid: 1ed1379a051a63f4091e0e0c9db32b2b,
    type: 2}
  m_PrefabInternal: {fileID: 0}
  m_GameObject: {fileID: 2132630999}
